1737 2802
1516 4 1517 7 ¹
1586 0 1696 30 prm*

797 133 855 142 ·-
891 121 974 164 334
1007 133 1064 142 -

211 207 346 249 situm
382 204 649 260 restituendi,
683 204 857 262 quando
892 204 1065 261 poterit:
1107 219 1231 248 secus
1279 203 1395 246 enim
1446 202 1645 246 affectum

214 278 266 321 ad
302 294 390 320 rem
426 276 582 319 malam
618 278 839 327 retineret,
875 276 1022 333 sicque
1046 276 1088 318 in
1113 288 1288 332 peccato
1324 274 1529 321 habituali
1553 289 1648 317 ver-

214 362 393 391 saretur.
429 348 488 390 Ita
523 362 690 390 omnes.
728 348 841 390 Hinc
875 364 906 390 s.
942 347 1231 404 Augustinus,
1266 347 1308 389 in
1341 359 1460 390 textu
1510 344 1646 388 modo

213 421 341 462 citato
392 418 506 462 dicit:
553 433 644 461 cum
692 418 853 461 restitui
897 426 1084 475 potest.»
1137 416 1275 460 Debet
1328 429 1545 474 praeterea
1579 414 1646 458 fur

215 504 353 534 cetera
386 490 542 532 damna
574 489 756 532 domino
790 489 902 532 illata
935 505 1130 547 reparare
1165 489 1248 546 (1).

335 561 382 621 β)
417 563 639 605 Praeterea
671 560 837 604 furandi
873 561 1041 604 habitus
1090 560 1272 618 impellit
1317 558 1544 602 hominem
1594 558 1646 601 ad

215 635 401 677 maxima
435 634 592 677 scelera
624 632 919 691 perpetranda.
956 632 1004 676 Id
1039 632 1185 675 videre
1219 644 1282 674 est
1315 631 1358 674 in
1395 628 1648 686 latronibus,

215 706 289 763 qui
313 706 400 748 vias
436 704 651 761 obsident,
676 706 836 762 quique
864 704 1095 762 cupiditate
1130 719 1195 746 res
1230 702 1386 745 alienas
1414 700 1648 758 abripiendi

217 777 473 819 interimunt
520 775 719 833 pacificos
770 776 986 832 homines,
1036 775 1203 832 sibique
1247 788 1424 832 prorsus
1458 773 1649 829 ignotos,

216 861 316 903 erga
350 862 461 903 quos
495 846 614 889 nullo
649 862 827 903 prorsus
863 845 965 889 odio
1000 845 1260 888 afficiuntur.

338 924 379 976 γ)
414 916 551 973 Adde,
586 932 841 974 supremum
867 918 1068 960 omnium
1102 917 1264 959 iurium
1288 914 1454 958 fontem
1487 929 1534 957 ac
1555 914 1649 955 vin-

217 989 359 1033 dicem
394 990 540 1032 Deum
576 990 868 1032 communiter
901 1003 990 1031 non
1024 989 1178 1041 sinere,
1203 999 1249 1030 ut
1272 985 1386 1029 fures
1418 983 1650 1043 tranquille

218 1060 344 1104 rebus
377 1059 524 1102 alienis
559 1058 766 1103 fruantur.
803 1060 882 1102 Eas
917 1060 1048 1112 enim,
1072 1072 1119 1102 ut
1153 1058 1408 1116 plurimum,
1433 1057 1652 1111 amittunt,

218 1145 259 1175 et
283 1130 413 1174 simul
448 1146 547 1173 cum
571 1131 623 1173 iis
658 1131 862 1173 amittunt
886 1131 1016 1174 etiam
1041 1142 1201 1173 ceteras
1225 1144 1307 1186 res,
1331 1143 1436 1186 quas
1458 1126 1651 1185 legitime

217 1203 455 1262 possident:
492 1203 592 1245 hinc
627 1218 692 1245 res
719 1202 878 1246 alienae
912 1203 1071 1245 iniuste
1105 1216 1330 1259 possessae
1364 1199 1503 1243 solent
1535 1212 1651 1242 recte

219 1274 461 1332 comparari
496 1275 586 1331 igni
621 1273 752 1331 paleis
788 1275 1044 1317 commixto.

337 1360 406 1401 97.
442 1346 697 1389 ScHoLION.
750 1345 867 1390 Octo
918 1343 1215 1402 superioribus
1264 1339 1456 1385 thesibus
1509 1340 1651 1384 solvi-

217 1433 314 1460 mus
364 1426 446 1461 octo
496 1416 547 1460 de
596 1416 794 1459 dominio
840 1416 1116 1474 proprietatis
1162 1415 1453 1472 quaestiones,
1506 1413 1555 1455 In
1600 1413 1650 1454 iis

217 1502 363 1533 autem
399 1488 618 1532 solvendis
652 1489 768 1531 hunc
803 1488 1000 1532 ordinem
1034 1489 1205 1545 sequuti
1241 1502 1408 1529 sumus.

338 1563 370 1606 Ι.
407 1562 523 1605 Cum
558 1562 700 1604 omnis
736 1575 842 1617 quae
878 1561 1043 1602 ratione
1075 1559 1307 1616 suscipitur
1341 1557 1392 1600 de
1436 1556 1575 1615 aliqua
1608 1571 1653 1598 re

219 1633 452 1687 institutio,
489 1631 637 1675 debeat
671 1648 692 1674 a
726 1631 977 1674 definitione
1026 1629 1253 1688 proficisci,
1288 1641 1334 1672 ut
1377 1627 1654 1684 intelligatur,

219 1704 323 1763 quid
358 1705 412 1748 sit
446 1703 489 1747 id
524 1704 581 1757 de
610 1718 698 1761 quo
733 1703 991 1760 disputetur3
1025 1702 1123 1744 hinc
1157 1702 1200 1744 in
1234 1700 1345 1744 thesi
1378 1699 1564 1744 XX1V³.
1590 1699 1652 1741 in-

218 1776 478 1834 quisivimus
511 1775 709 1833 quidnam
743 1776 796 1817 sit
821 1788 860 1817 et
889 1773 1110 1832 quotuplex
1143 1773 1196 1815 sit
1218 1772 1444 1820 dominium
1473 1771 1652 1829 proprie-

220 1848 331 1890 tatis.
366 1848 497 1889 Hisce
530 1859 674 1889 autem
711 1846 909 1888 instructi
945 1843 1199 1887 notionibus
1229 1845 1342 1886 viam
1377 1843 1654 1900 arripuimus·

221 1919 329 1962 Tria
351 1934 454 1961 vero
472 1930 694 1975 tamquam
715 1916 938 1959 manifesta
958 1917 1276 1974 praemisimus:
1312 1920 1353 1960 α)
1389 1914 1533 1957 Deum
1559 1928 1654 1956 esse

219 1989 467 2032 absolutum
504 2004 647 2031 rerum
684 1989 884 2030 oninium
920 1989 1166 2031 dominum:
1199 1984 1450 2044 [fii'nullum
1485 1984 1655 2027 homini

221 2062 361 2103 inesse
395 2075 523 2117 posse
559 2059 824 2110 dominium,
861 2057 979 2115 quod
1013 2057 1060 2100 ab
1096 2058 1197 2114 Ipso
1232 2071 1320 2098 non
1356 2056 1546 2099 dimanet
1583 2067 1655 2097 aut

223 2131 480 2174 conferatur:
513 2138 553 2188 'sl
579 2132 722 2173 Deum
759 2145 905 2186 reapse
932 2128 1168 2171 concedere
1201 2128 1370 2171 homini
1405 2127 1654 2170 dominium

221 2218 365 2245 rerum
401 2215 671 2245 externarum
708 2203 781 2254 (21.
808 2202 864 2242 At
897 2216 999 2242 vero
1036 2199 1289 2242 conceditne
1324 2199 1427 2257 ipsis
1463 2198 1654 2256 privatiS,

221 2289 274 2316 an
307 2273 614 2316 tantummodo
650 2272 861 2315 humanae
897 2272 1236 2314 communitati?

321 2521 371 2556 ιι)
398 2513 488 2545 Vide
517 2524 606 2557 quic
633 2512 790 2545 d‘xunus
816 2522 934 2556 super.
968 2510 1061 2544 thesi
1087 2510 1149 2544 VI.
1178 2521 1257 2555 pag.
1283 2508 1337 2542 88.
1365 2518 1464 2553 seqq.

319 2583 375 2616 (2)
406 2571 477 2606 (Lis.
505 2583 622 2616 super.
654 2571 742 2605 thes.
770 2571 867 2605 XXI.
896 2582 978 2616 pag.
1007 2580 1087 2604 220.
1117 2570 1240 2604 adnot.
1272 2574 1321 2604 2²¹.
