1737 2802
874 135 1140 189 „143-

288 231 472 275 ciendam
504 231 568 273 vel
600 229 656 272 ad
684 229 992 287 promissionem
1024 228 1362 280 confirmandam:
1396 229 1534 287 iisque
1572 228 1716 276 verbis

290 318 489 361 expresse
507 301 730 345 exhibetur
748 300 904 358 duplex
922 299 1196 344 iurisiurandi
1220 299 1330 355 finis,
1349 302 1422 359 qui
1441 313 1504 344 est
1526 301 1594 344 vel
1612 317 1715 345 con-

291 375 431 417 ciliare
453 373 582 416 fidem
606 374 671 426 iis,
696 388 802 430 quae
825 371 1100 425 affirmamus,
1125 371 1190 415 vel
1221 371 1424 415 roborare
1457 373 1716 430 promissio-

287 461 402 502 men,
434 461 562 503 quam
594 445 710 488 alteri
745 443 938 487 facimus.
973 468 1029 477 —
1060 445 1271 501 Apposite
1310 459 1341 488 s.
1385 443 1583 488 Thomas
1622 444 1715 504 (1).·

291 520 565 561 «Assumere
587 517 731 560 Deum
755 516 797 558 in
819 528 974 558 testem
1007 514 1161 558 dicitur
1195 516 1348 558 iurare:
1382 515 1482 573 quia
1513 530 1592 573 pro
1625 518 1710 560 iure

287 590 582 634 introductum
617 602 695 642 est,
728 601 775 631 ut
807 588 925 646 quod
973 587 1051 631 sub
1098 588 1370 631 invocatione
1403 587 1536 631 divini
1585 589 1712 631 testi-

287 662 423 705 monii
461 661 628 716 dicitur,
662 674 740 718 pro
770 675 875 703 vero
909 659 1122 702 habeatur.
1158 676 1180 700 υ

403 733 455 776 Π.
489 731 793 776 Iusiurandum
825 731 938 774 varie
972 730 1188 774 dividitur.
1223 755 1282 764 —
1314 734 1360 789 α)
1383 729 1513 774 Aliud
1535 743 1600 774 est
1620 746 1711 775 con—

284 806 555 861 testatorium,
589 803 700 846 aliud
744 818 846 846 vero
890 805 1316 846 exsecratorizmz=seu
1364 803 1710 860 imprecatorium.

285 875 433 929 Quam
456 875 714 918 divisionem
740 873 859 917 facile
883 873 1107 931 intelliges,
1131 875 1166 916 si
1199 872 1526 928 animadvertas,
1561 873 1708 916 Deum

283 963 411 1004 posse
450 947 608 1004 duplici
642 945 776 989 modo
810 962 831 988 a
865 944 987 988 nobis
1022 946 1227 1002 invocari,
1260 945 1468 988 nimirum
1502 944 1568 988 vel
1611 956 1710 988 tan-

280 1019 514 1062 tummodo
549 1031 594 1061 ut
637 1027 771 1061 testem
804 1030 1049 1060 nostrarum
1097 1016 1386 1059 assertionum
1429 1028 1469 1058 et
1519 1017 1710 1073 promis-

280 1092 468 1144 sionum,
500 1090 567 1133 vel
601 1104 646 1134 ut
680 1089 931 1133 earumdem
975 1102 1130 1133 testem
1179 1087 1309 1131 simul
1355 1102 1402 1130 ac
1449 1086 1620 1132 iudicem
1667 1101 1708 1132 et

279 1163 493 1219 vindicem,
527 1164 599 1220 qui
630 1178 726 1218 nos,
750 1163 784 1204 si
807 1162 965 1219 periuri
999 1177 1167 1216 sumus,
1205 1159 1368 1203 meritis
1401 1158 1565 1216 plectat
1594 1175 1706 1218 poe-

278 1235 357 1279 nis.
392 1234 581 1288 Quando
615 1236 756 1291 itaque
790 1234 923 1291 priori
947 1233 1082 1277 modo
1107 1234 1251 1276 Deum
1285 1231 1505 1275 dumtaxat
1538 1244 1586 1276 ut
1619 1245 1700 1276 tes-

277 1319 366 1350 tem
398 1308 662 1358 invocamus,
696 1319 797 1349 tunc
832 1307 1120 1349 iuramentum
1146 1306 1301 1349 dicitur
1328 1307 1699 1352 contestatorium:

275 1377 445 1436 quando
493 1391 635 1422 autem
685 1379 917 1436 posteriori
967 1379 1100 1422 inodo
1149 1380 1401 1422 invocamus
1455 1380 1600 1424 Deum
1652 1390 1698 1421 ut

275 1463 427 1495 testem
462 1450 590 1493 simul
625 1465 669 1492 ac
713 1450 900 1494 iudicem
946 1450 1248 1508 vindicemque
1276 1450 1481 1506 falsitatis,
1523 1452 1557 1494 si
1597 1451 1700 1495 haec

368 1672 424 1716 (ι)
452 1672 535 1705 Loc.
566 1672 624 1706 cit.
652 1682 681 1704 a.
715 1681 738 1704 1.
768 1690 811 1695 -—
841 1672 950 1713 «Est,
978 1671 1091 1716 inquit
1121 1670 1274 1712 Tullius,
1294 1671 1337 1705 de
1363 1670 1427 1705 off.
1449 1669 1472 1706 1.
1494 1671 1556 1705 111.
1578 1681 1607 1704 c.
1633 1670 1697 1712 18„

271 1729 521 1765 iusiurandum
548 1730 739 1764 affirmatio
768 1729 948 1774 religiosa.
968 1747 982 1760 υ
1012 1731 1102 1765 Item
1131 1740 1258 1765 auctor
1283 1729 1495 1766 Rhetoricae
1522 1729 1566 1764 ad
1605 1729 1697 1765 Ale-

272 1790 461 1832 xandrum,
488 1800 562 1834 cap.
597 1780 658 1833 ππ
690 1789 815 1834 Ὅρκος
844 1788 878 1821 δ’
901 1790 979 1822 εστὶ
1000 1790 1087 1834 μετὰ.
1112 1789 1215 1828 θείας
1238 1788 1468 1834 παραλήψεως
1490 1789 1595 1836 φάσις
1615 1788 1699 1822 ἀνα-

270 1847 467 1887 πόδεικτος.
495 1849 536 1883 Et
556 1848 754 1894 subiungit:
786 1851 844 1882 Δεῖ
869 1847 905 1882 δ’
922 1846 1027 1882 αὐτὸν
1055 1846 1135 1882 ὅταν
1156 1849 1218 1892 μέν
1246 1846 1365 1889 αὔξειν
1393 1846 1556 1894 θέλωμεν,
1580 1847 1694 1892 λέγειν

271 1905 387 1945 οὕτως·
410 1905 527 1946 οὐδεὶς
554 1906 594 1940 ἂν
624 1908 800 1953 έπιορνεῐυ
826 1906 1001 1951 βούλοιτο.
1029 1905 1242 1952 φοβούμενος
1262 1906 1321 1940 τήν
1341 1916 1376 1939 τε
1402 1905 1497 1950 παρὰ
1516 1908 1584 1938 τῶν
1607 1905 1694 1937 θεῶν

267 1968 433 2011 τιμωρίαν
459 1966 520 1998 καὶ
538 1968 595 2003 τὴν
618 1967 711 2010 παρὰ.
732 1968 802 2004 τοῖς
826 1964 1021 2010 ἀνθρώποις
1043 1963 1235 2010 αἰσχύνην,
1259 1965 1320 1997 κκὶ
1339 1963 1514 2006 διεξιέναι
1542 1961 1592 1997 ὅτι
1614 1964 1694 2002 τοὺς

267 2023 328 2069 μὲν
356 2021 557 2070 ἀνθρώπους
585 2025 703 2058 >rasni-1
732 2025 818 2063 ἔστι,
844 2026 922 2063 τοὺς
951 2024 990 2058 δὲ
1017 2023 1114 2061 θεοὺς
1140 2022 1199 2056 οὐκ
1222 2023 1332 2056 ἔστιν.
1359 2021 1613 2057 Iusiurandum
1640 2030 1693 2057 est

267 2081 460 2117 declaratio
487 2095 548 2118 seu
575 2085 685 2119 dictio
715 2096 797 2118 cum
826 2083 944 2118 divina
985 2083 1217 2117 invocatione
1264 2082 1492 2128 probationis
1531 2092 1690 2127 exspers.

269 2143 392 2187 Quum
426 2153 546 2178 autem
573 2143 656 2178 illud
687 2145 857 2178 roborare
885 2143 1121 2184 voluerimus,
1151 2142 1197 2176 ita
1231 2151 1377 2188 oportet
1416 2142 1548 2177 dicere:
1587 2140 1692 2176 Nemo

265 2206 350 2236 certe
369 2204 527 2249 peierare
551 2203 643 2245 wlst,
674 2207 818 2236 metucns
840 2208 987 2248 poenam
1015 2212 1035 2235 a
1061 2201 1125 2235 diis
1151 2206 1181 2236 et
1207 2201 1352 2235 nominis
1378 2200 1568 2246 infamiam·
1601 2200 1692 2247 apud

264 2261 422 2304 homines,
449 2271 482 2297 et
510 2262 738 2308 subiungere:
769 2262 874 2297 la‘ere
900 2262 1045 2308 aliquem
1070 2261 1217 2295 homines
1241 2266 1347 2307 posse,
1371 2258 1447 2295 deos
1472 2265 1585 2294 autem
1622 2270 1691 2294 non

260 2326 367 2367 posse.
387 2341 425 2346 ἐ
447 2322 512 2355 Hic
540 2321 628 2355 liber
657 2322 835 2366 ’νηυρικ-κ,
862 2322 943 2362 πρὸς
969 2320 1204 2362 Ἀιέςκυοῇοω
1226 2328 1341 2355 exstat
1360 2320 1454 2355 inter
1472 2330 1582 2366 opera
1601 2319 1688 2354 Ari-

261 2380 415 2424 stotelis,
432 2382 488 2415 cui
514 2380 649 2414 scilicet
676 2379 762 2414 olim
783 2379 1014 2414 tribuebatur.
1034 2378 1170 2413 Verum
1191 2389 1320 2413 omnes
1346 2389 1442 2413 nunc
1463 2378 1575 2413 critici
1602 2388 1689 2412 con-

261 2441 421 2483 veniunt,
447 2440 542 2474 illius
569 2441 687 2486 operis
714 2449 899 2475 auctorem
927 2449 1021 2474 certe
1050 2439 1194 2486 quidem
1228 2450 1302 2474 non
1330 2449 1407 2474 esse
1432 2437 1685 2480 Aristotelem,

261 2500 496 2547 probabiliter
521 2508 641 2534 autem
671 2510 748 2533 esse
776 2501 1053 2542 Anaximenem‚
1081 2500 1137 2545 qui
1177 2497 1372 2544 discipulus
1414 2497 1481 2532 fuit
1520 2497 1608 2532 Zoili
1651 2504 1685 2532 et

262 2562 442 2608 Diogenis
468 2560 607 2606 Cynic²‚
636 2568 740 2605 atque
769 2560 877 2594 etiam
903 2558 1100 2594 Alexandri
1127 2559 1175 2593 M.
1203 2569 1328 2593 comcs
1353 2558 1389 2593 in
1430 2557 1585 2593 Asiatica
1620 2569 1685 2592 ex-

261 2618 458 2664 peditione.
485 2617 541 2653 Cf.
572 2616 742 2664 Spengel,
774 2630 964 2662 rra-azymyn
989 2622 1139 2664 τεχιών.
