1737 2802
786 97 1053 142 —288—

317 195 512 250 Secundo,
529 193 693 237 tollitur
716 193 918 251 voluptas
944 192 1027 250 illa,
1045 209 1128 252 qua
1150 193 1352 237 homines
1370 191 1634 250 afficiuntur,

197 266 300 310 dum
321 279 436 309 certo
455 268 595 308 sciunt
618 265 780 323 aliquid
797 281 891 308 esse
916 267 1141 323 proprium
1164 267 1376 324 ipsorum.
1404 265 1524 308 Haec
1544 279 1626 307 au—

196 351 284 381 tem
303 337 529 380 delectatio
548 336 682 394 qualis
706 350 949 395 quantaque
974 337 1043 393 sit,
1066 337 1318 380 Aristoteles
1336 336 1408 395 (1)
1425 335 1632 388 affirmat,

198 425 284 453 nou
319 425 446 467 posse
479 409 617 452 verbis
651 410 849 466 exprimi.
883 408 998 472 Πρὸς
1030 405 1194 459 ἡδσνὴν
1233 407 1468 467 ἂμύθητῡν
1517 407 1621 451 ὅσον

196 477 384 542 διαφέρει
410 480 456 522 τὸ
490 478 684 539 νομίζειν
709 477 816 524 ἴδιόν
841 495 894 523 τι.
921 499 943 520 «
962 480 1028 523 Ad
1050 480 1318 536 voluptatem
1343 480 1622 524 inenarrabile

198 565 275 606 est,
309 565 521 609 quantuni
558 553 725 594 intersit
759 552 1002 594 existimare
1036 550 1195 609 aliquid
1218 567 1312 594 esse
1335 551 1614 609 proprium.»

324 622 474 677 Tertio,
507 622 670 666 tollitur
713 623 964 665 exercitium
998 623 1168 665 virtutis
1201 621 1476 665 liberalitatis.
1528 621 1628 664 Hoc

197 707 339 738 autem
374 695 629 737 exercitium
664 693 1027 736 honestissimum
1061 694 1189 736 simul
1222 706 1286 736 est
1329 709 1375 737 ac
1424 693 1623 738 dulcissi-

198 782 333 809 mum.
370 762 427 807 Τὸ
461 763 742 824 χαρίσασθαι
790 761 869 808 καὶ
917 763 1143 823 [ammo-ccc
1177 762 1315 823 φίλῡις
1347 763 1373 816 ἦ
1409 762 1545 818 ξένοις
1590 763 1616 815 ἢ

196 833 384 901 ἓταὶρσις
407 834 603 887 ἥδιστσν·
628 835 647 878 ’ὃ
673 830 840 894 γίνεται
864 843 942 887 τῆς
966 834 1159 887 κτήσεως
1177 830 1291 887 ἰδίας
1309 833 1459 887 οὔσης.
1487 835 1625 878 «Lar-

197 909 279 965 giri
314 921 354 950 et
390 923 520 965 opem
555 906 664 950 ferre
715 908 865 949 amicis
900 919 970 949 aut
1019 906 1259 964 hospitibus
1294 919 1365 949 aut
1415 905 1635 949 sodalibus

198 979 498 1022 dulcissimum
534 991 610 1021 est:
636 977 754 1036 quod
791 991 893 1020 tunc
927 977 988 1034 fit,
1011 978 1184 1035 quando
1218 968 1520 1035 possessiones
1548 978 1635 1036 pri—

197 1064 316 1094 vittae
352 1064 464 1094 sunt.
489 1070 509 1089 »

316 1123 576 1165 Doctriuam
610 1121 858 1164 Aristotelis
892 1122 952 1164 sic
985 1121 1169 1164 breviter
1219 1134 1259 1164 et
1303 1122 1478 1178 egregie
1528 1136 1631 1179 per-

197 1195 368 1251 stringit
392 1192 608 1250 angelicus
643 1194 812 1236 Doctor
835 1192 921 1251 (2):
959 1211 981 1233 «
1001 1192 1138 1245 Quod
1163 1192 1298 1236 homo
1333 1194 1505 1251 propria
1530 1208 1636 1250 pos-

195 1266 341 1321 sideat,
375 1279 438 1309 est
472 1266 739 1308 necessarium
771 1265 825 1307 ad
856 1266 1082 1307 lmmanam
1131 1267 1265 1308 vitam
1308 1278 1485 1323 propter
1533 1266 1636 1308 tria.

198 1364 255 1371 —
288 1338 427 1381 Primo
462 1336 654 1395 quidem,
689 1338 788 1394 quia
823 1337 961 1393 magis
994 1335 1203 1378 sollicitus
1239 1349 1302 1379 est
1327 1338 1630 1394 unusquisque

199 1409 250 1452 ad
284 1408 607 1467 procurandum
644 1407 803 1465 aliquid
838 1407 956 1465 quod
1000 1407 1079 1450 sibi
1113 1406 1194 1450 soli
1243 1408 1468 1465 competit,
1502 1423 1631 1466 quam

198 1481 254 1537 id,
288 1480 407 1539 quod
431 1493 493 1523 est
518 1495 751 1522 commune
777 1480 977 1522 onmium
1000 1478 1066 1522 vel
1089 1479 1345 1524 multorum:
1371 1481 1470 1538 quia
1493 1495 1628 1523 unus-

200 1553 383 1610 quisque
406 1551 597 1594 laborem
635 1550 822 1608 fugiens,
846 1551 1046 1608 relinquit
1079 1550 1198 1593 alteri
1223 1550 1279 1604 id,
1308 1551 1425 1608 quod
1451 1551 1636 1608 pertinet

201 1623 252 1667 ad
286 1638 538 1679 commune,
572 1623 684 1664 sicut
717 1620 868 1664 accidit
902 1622 944 1664 in
996 1620 1272 1663 multitudine
1316 1621 1635 1664 ministrorum.

297 1845 352 1891 (1)
379 1845 452 1889 Op.
482 1853 515 1878 et
542 1845 562 1878 l.
593 1844 654 1878 cit.
684 1854 765 1888 cap.
796 1854 826 1878 2.
855 1863 898 1869 -—
927 1844 1041 1878 Huius
1070 1854 1179 1888 porro
1219 1841 1476 1877 delectationis
1514 1840 1634 1876 Philo-

198 1905 336 1951 sophus
362 1905 484 1939 statim
512 1905 692 1938 rationem
720 1904 893 1950 assignat.
919 1903 1176 1949 Unusquisque
1204 1911 1304 1937 amat
1330 1902 1493 1948 seipsum
1520 1901 1635 1948 magis

201 1967 311 2000 etiam
340 1976 447 2011 quam
476 1974 572 1998 amet
598 1964 704 1998 alios:
734 1964 804 1997 hoc
832 1972 953 1998 autem
982 1972 1032 1998 est
1060 1963 1230 2006 naturale,
1251 1963 1325 1997 ἔστι.
1346 1964 1448 1996 τοῦτο
1468 1962 1635 2006 φυσικόν.

200 2025 269 2060 Sed
295 2024 353 2058 hic
381 2036 484 2058 amor
511 2025 564 2057 sui
591 2034 665 2057 non
694 2033 744 2058 est
772 2021 912 2057 frustra.
939 2023 1036 2069 Ergo
1072 2023 1317 2070 unusquisque
1357 2020 1559 2056 delectatur
1595 2031 1634 2056 se

201 2085 334 2131 aliquid
363 2094 550 2130 tamquam
576 2084 776 2129 proprium,
805 2082 959 2117 exclusis
992 2082 1085 2124 aliis,
1126 2083 1270 2117 habere.
1296 2093 1341 2107 ⁴-
1367 2080 1484 2116 Solvit
1525 2081 1633 2115 etiam

202 2143 469 2178 difficultatem:
495 2153 619 2177 nonne
656 2152 760 2176 amor
798 2141 966 2186 suiipsius
994 2139 1050 2186 (τό
1088 2141 1253 2186 φίλαυτον
1294 2137 1401 2185 εἶναι)
1438 2139 1637 2186 vituperari

199 2202 304 2244 solet,
330 2202 436 2248 idque
456 2202 529 2236 iure
556 2212 597 2235 ac
617 2203 772 2236 merito?
798 2200 955 2241 Scilicet,
974 2210 1050 2234 non
1068 2199 1292 2245 vituperatur
1310 2207 1508 2245 utcumque
1530 2209 1637 2233 amor

201 2263 266 2305 sui,
291 2262 471 2310 siquidem
498 2274 627 2297 omnes
645 2262 785 2307 seipsos
811 2269 947 2303 amant,
967 2260 1028 2294 sed
1057 2259 1308 2293 immoderatus
1328 2269 1393 2293 seu
1418 2257 1640 2293 inordinatus

203 2332 308 2356 amor
333 2322 386 2356 sui
427 2323 479 2366 (τὸ
507 2319 639 2366 μᾶλλον
665 2320 685 2357 ὴ
712 2320 770 2354 δεῖ
796 2318 938 2366 φιλεῖν)
978 2319 1070 2353 sicut
1107 2330 1183 2353 non
1223 2328 1275 2353 est
1313 2316 1637 2364 reprehendendus

202 2392 306 2415 arnor
332 2380 577 2425 pecuniarum,
603 2378 782 2425 siquidem
810 2388 940 2412 omnes
967 2377 1171 2424 aliqutliter
1197 2377 1343 2412 student
1374 2375 1554 2422 pecuniis,
1570 2374 1632 2409 sed

199 2439 463 2474 immoderatus
489 2451 612 2474 earum
640 2449 755 2479 amor,
783 2438 803 2472 i.
831 2449 860 2472 e.
889 2448 949 2472 eas
976 2449 1099 2472 amare
1127 2437 1207 2483 plus
1243 2447 1352 2484 quam
1379 2442 1544 2482 oportet.

297 2499 353 2544 (2)
380 2499 418 2533 [n
447 2510 478 2533 2.
506 2508 536 2534 2.
563 2511 592 2545 q.
621 2498 677 2540 65.
705 2510 735 2533 a.
762 2507 791 2532 2.
821 2517 863 2522 —
890 2496 948 2533 Cf.
973 2497 1018 2532 de
1044 2497 1162 2544 Lugo,
1189 2508 1248 2543 op.
1275 2505 1310 2532 et
1336 2495 1359 2531 l.
1386 2495 1445 2532 cit.
1472 2505 1573 2529 num.
1598 2505 1625 2528 1.

203 2559 296 2595 Item
324 2557 366 2594 cf.
395 2559 536 2600 SuartZ,
564 2569 622 2604 op.
652 2569 713 2592 sex
741 2558 830 2592 dier.
859 2558 881 2593 1.
907 2558 954 2592 V.
983 2568 1013 2592 c.
1040 2567 1076 2601 7.
