1737 2802
1492 0 1495 2 ·
1511 8 1521 21 *i
1536 0 1604 34 sssw
1615 0 1667 29 ‘5¹⁴³‘
1680 0 1731 32 ςῖνιῃ

797 109 1068 152 „310-

215 194 315 237 ctui.
339 218 396 226 —
429 192 514 251 4⁰.)
548 192 810 236 Contractus
845 205 991 235 autem
1023 192 1091 236 vel
1113 205 1176 237 est
1206 195 1420 251 gratuitus
1452 192 1519 238 vel
1550 209 1655 238 one-

215 279 346 308 rosus.

332 336 528 378 Iamvero
562 350 684 377 error
718 335 828 377 circa
877 334 1174 378 substantialia
1223 348 1466 379 contractus
1511 336 1656 380 reddit

213 421 475 450 consensum
510 421 556 448 ac
590 405 771 463 proinde
805 419 1073 449 contractum
1108 405 1293 451 nullum.

335 478 465 520 Error
500 478 607 519 circa
641 476 914 520 accidentalia
936 490 1196 532 contractUS,
1234 478 1269 520 si
1294 476 1373 520 fuit
1395 478 1657 522 antecedens>

215 565 292 592 seu
327 564 499 591 causam
534 548 651 591 dedit
684 550 936 602 contractui,
972 548 1112 592 reddit
1146 549 1356 593 invalidos
1389 550 1456 593 vel
1502 550 1655 592 saltem*

215 619 508 663 rescindibiles
543 632 786 662 contractus
821 621 1046 676 gratuitos:
1084 620 1126 663 hi
1177 621 1336 664 scilicet
1384 637 1434 664 ex
1481 620 1664 679 propria,

215 703 367 734 natura
415 692 639 748 requirunt
689 690 861 748 plenum
912 691 1206 735 voluntarium
1259 704 1300 735 et
1352 690 1654 735 omnimodam

216 763 593 820 spontaneitatem.
627 788 682 795 -—
717 764 849 806 Secus
888 762 1119 806 dicendum
1153 776 1217 806 est
1267 763 1318 807 de
1367 762 1661 806 contractibus-

219 835 432 877 onerosis:
469 833 684 891 siquidem
721 851 771 876 ex
805 849 886 876 una
921 848 1038 890 parte
1074 849 1312 877 consensus
1341 834 1472 886 adest,
1495 850 1546 877 ex
1579 833 1658 878 alia

217 921 322 948 vero
357 918 473 962 parte
509 904 683 947 facultas
709 899 979 948 rescindendi
1007 905 1261 948 huiusmodi
1287 917 1532 948 contractus
1557 920 1663 962 pro-

221 989 313 1034 pter
347 975 427 1018 hos
461 991 644 1029 errores,
679 977 753 1034 qui
788 976 894 1019 adeo
944 975 1190 1033 frequenter
1238 977 1511 1033 contingunt,
1545 988 1658 1019 esset

220 1047 413 1090 humano
450 1049 714 1090 commercio
754 1049 883 1090 nimis
934 1047 1155 1091 damnosa.
1208 1048 1366 1105 Excipe
1415 1063 1579 1100 casum,
1614 1048 1659 1090 in*

221 1134 308 1176 quo
343 1134 462 1161 error
498 1131 617 1161 ortus
651 1120 705 1161 sit
739 1136 788 1162 ex
823 1118 969 1162 fraude
1002 1119 1068 1162 vel
1108 1119 1210 1162 dolo
1261 1119 1432 1162 alterius
1482 1131 1663 1162 contra-⁴

221 1189 377 1233 hentis:
412 1189 478 1231 hic
513 1190 628 1232 enim
663 1189 734 1232 tali
769 1191 810 1231 in
846 1206 941 1232 casu
977 1203 1147 1232 tenetur
1180 1204 1234 1232 ex
1269 1190 1431 1232 iustitia
1461 1203 1662 1247 reparare

219 1259 421 1302 iniuriam
457 1259 629 1315 illatam,
662 1275 801 1317 neque
849 1260 950 1302 haec
1000 1261 1183 1316 reparari
1223 1272 1378 1318 potest,
1416 1260 1499 1302 nisi
1548 1274 1663 1302 con-

222 1343 380 1373 tractus
415 1331 563 1374 evadat
599 1331 741 1373 nullus
770 1332 841 1377 wel
876 1332 1024 1374 saltem
1062 1331 1361 1375 rescindibilis.

343 1403 393 1446 ΙΙ.
431 1402 499 1447 Ad
535 1412 685 1446 metum
719 1403 790 1461 (1)
835 1403 952 1461 quod
1002 1405 1166 1458 attinet,
1201 1403 1304 1446 haec
1352 1402 1663 1446 animadverte,

223 1499 280 1507 -
318 1476 392 1529 1⁰.)
426 1475 571 1517 Metus
606 1474 671 1517 vel
705 1474 811 1518 tollit
833 1475 1128 1518 voluntarium
1161 1474 1227 1517 vel
1260 1490 1364 1518 non.
1385 1501 1443 1506 —
1467 1475 1544 1530 2⁰.)
1568 1474 1666 1516 Me-

222 1557 292 1588 tus
325 1545 392 1588 vel
420 1548 564 1603 gravis
598 1559 661 1589 est
696 1546 762 1588 vel
794 1547 903 1590 Ievis.
928 1573 984 1577 —
1021 1547 1093 1605 3⁰.)
1128 1547 1271 1590 Metus
1305 1546 1371 1589 vel
1404 1545 1486 1588 fuit
1517 1546 1666 1589 iniuste

223 1617 402 1659 incussus
433 1617 484 1660 ab
517 1618 642 1661 altero
676 1619 926 1661 contrahente
971 1618 1011 1660 in
1060 1617 1199 1660 ordine
1247 1617 1302 1660 ad
1344 1615 1668 1674 extorquendum·

222 1703 468 1741 consensum,
502 1689 567 1732 vel
600 1704 702 1732 non.
728 1714 785 1722 —
817 1690 895 1747 4⁰.)
932 1690 1196 1732 Contractus
1230 1704 1334 1732 vero
1368 1701 1432 1732 est
1462 1687 1531 1731 vel
1559 1703 1666 1746 gra-

223 1760 353 1802 tnitns
386 1759 451 1801 vel
484 1775 689 1804 onerosus.

348 1831 393 1874 Si
429 1842 570 1873 metus
603 1831 715 1874 tollit
757 1831 1067 1887 voluntarium,
1101 1829 1475 1878 tunomanifeste
1521 1829 1670 1872 nullus·

226 1916 291 1946 est
324 1918 576 1956 consensus,
610 1918 655 1945 ac
690 1902 871 1960 proinde
905 1902 1046 1945 nullus
1080 1914 1143 1945 est
1177 1914 1424 1945 contractus
1458 1902 1548 1945 sive
1571 1916 1668 1958 gra-

225 1976 359 2018 tuitus
394 1977 483 2017 sive
517 1990 742 2018 onerosus.

345 2050 387 2093 Si
422 2061 563 2091 metus
598 2064 685 2091 non
719 2047 830 2090 tollit
863 2047 1172 2103 voluntarium,
1196 2059 1236 2090 et
1264 2058 1327 2089 est
1359 2046 1514 2102 gravis,
1543 2046 1669 2103 isque

228 2121 384 2163 iniuste
418 2122 616 2163 incussus
650 2136 672 2163 a
706 2132 926 2176 comp-arte
960 2119 1002 2160 in
1036 2118 1188 2161 ordine
1221 2117 1271 2160 ad
1318 2115 1668 2174 extorquendum

230 2207 508 2248 consensum,
531 2204 634 2235 tunc
668 2204 914 2236 contractus
941 2191 1029 2233 sive
1053 2189 1227 2246 gratuiti
1251 2189 1339 2231 sive
1363 2189 1539 2232 onerosi
1567 2199 1671 2230 sunt

230 2279 280 2306 ex
314 2265 513 2306 omnium
548 2263 756 2306 sententia
790 2261 1083 2305 rescindibiles
1118 2259 1292 2303 arbitrio
1326 2261 1436 2312 eius,
1471 2260 1544 2317 qui
1578 2273 1668 2303 me-

227 2347 324 2378 tum
358 2350 508 2393 passus
542 2347 620 2379 est:
655 2334 758 2377 alter
790 2334 905 2376 enim
941 2333 1014 2390 qui
1051 2345 1219 2375 metum
1269 2332 1449 2374 incussit
1489 2331 1673 2374 ‘tenetur'

336 2555 393 2599 (1)
421 2555 496 2591 Cfr.
524 2568 577 2599 ea,
607 2566 697 2603 quae
725 2555 769 2590 de
797 2563 895 2589 metu
923 2553 1078 2587 diximus
1104 2550 1324 2598 super.'vol.
1355 2559 1382 2586 1.
1409 2549 1500 2583 thes.
1525 2547 1651 2582 XVII.
