1737 2802
859 97 1124 150 -176-

277 193 582 251 pet-rationales.
608 216 664 224 —
687 192 902 234 Veritates
937 190 1332 247 praeterrationales
1366 189 1705 244 dicunturillae,

281 281 384 322 quas
418 265 498 308 etsi
531 263 716 306 humana
759 278 882 306 mens
930 278 1002 320 per
1051 263 1235 320 seipsam
1283 274 1466 320 nequeat
1511 263 1705 307 invenire

281 337 353 389 (an
402 345 536 394 reapse
581 335 700 394 sint),
750 346 906 387 tamen,
941 335 974 375 si
1025 333 1281 387 revelentur,
1332 347 1475 392 potest
1519 336 1698 394 propriis

283 408 560 466 conceptibus
595 406 706 449 haud
739 421 861 448 secus
894 420 940 447 ac
973 404 1072 448 alias
1107 407 1303 450 veritates
1339 408 1568 465 percipere.
1613 407 1696 451 Eae

281 483 398 525 enim
433 493 531 522 sunt
574 479 681 530 aliis,
716 494 819 536 quas
864 479 1184 534 cognoscimus,
1218 478 1466 522 veritatibus
1509 478 1696 523 similes:

283 566 323 597 et
356 551 538 610 proinde
581 566 659 593 nos
709 564 941 607 possumus
991 550 1175 606 propriis
1225 549 1516 607 conceptibus,
1552 566 1696 594 earum

282 637 455 667 naturae
503 624 626 680 plene
674 620 1047 678 respondentibus,
1079 636 1148 663 eas
1195 620 1318 663 nobis
1366 634 1700 679 repraesentare.

282 697 408 739 Tales
442 695 640 737 veritates
672 709 706 736 e.
731 708 771 749 g.
805 704 905 735 sunt
938 704 1056 735 actus
1080 691 1199 734 liberi
1232 691 1379 744 futuri,
1404 705 1445 736 et
1477 703 1595 736 actus
1624 707 1696 736 re-

284 769 391 811 moti
425 779 496 810 aut
528 765 755 823 praeteriti,
787 779 975 821 quorum
1009 762 1251 806 testificatio
1298 777 1369 808 aut
1417 779 1699 809 monumenta

283 839 407 883 nobis
441 838 591 882 desint:
625 838 726 880 item
763 836 894 893 plura,
926 852 1034 894 quae
1067 836 1108 877 in
1140 837 1260 879 astris
1294 838 1563 896 contingunt,
1601 838 1703 896 qui-

283 911 360 954 bus
394 925 544 953 sensus
579 921 753 951 nostros
788 907 852 951 vel
884 908 1129 951 immediate
1161 908 1227 952 vel
1262 909 1444 953 mediate
1493 909 1701 968 applicare

283 998 370 1026 non
404 996 651 1040 possumus,
685 1005 742 1012 —
774 980 989 1024 Veritates
1023 992 1167 1022 autem
1200 981 1558 1038 superrationales
1602 993 1705 1025 sunt

282 1054 391 1111 illae,
425 1069 528 1111 quas
562 1053 668 1095 ratio
702 1052 792 1095 sola
823 1066 900 1094 nec
933 1063 1076 1109 potest
1110 1051 1307 1109 detegere
1341 1052 1411 1107 (an
1433 1054 1547 1110 sint),
1564 1067 1703 1111 neque

282 1128 424 1182 etiam,
459 1129 493 1168 si
541 1124 796 1180 revelentur,
840 1139 892 1167 ex
941 1123 1199 1167 naturalibus
1248 1125 1464 1182 principiis
1513 1126 1703 1169 demon-

281 1213 411 1242 strare
446 1211 586 1256 potest
617 1209 688 1240 aut
722 1196 826 1240 ideis
855 1198 1032 1254 piopriis
1066 1197 1302 1254 concipere.
1328 1198 1442 1242 Cum
1475 1199 1590 1242 enim
1625 1215 1698 1243 ve-

281 1273 423 1314 ritates
458 1271 534 1312 liae
578 1268 626 1311 ab
669 1269 734 1318 iis,
769 1284 873 1326 quas
922 1269 1244 1325 cognoscimus,
1280 1268 1526 1313 veritatibus
1575 1269 1703 1314 diffe-

280 1355 371 1385 rant
403 1342 542 1399 specie
577 1353 617 1383 et
651 1355 820 1397 genere,
855 1355 900 1382 ac
933 1339 1213 1383 solummodo
1248 1355 1346 1383 cum
1370 1341 1420 1384 iis
1447 1344 1701 1386 conveniant

282 1413 515 1470 analogice,
551 1412 649 1454 hinc
682 1411 741 1464 fit,
776 1424 821 1453 ut
856 1427 942 1453 non
978 1412 1177 1468 proprii5‚
1204 1411 1277 1455 sed
1310 1412 1542 1469 analogicis
1577 1413 1705 1457 durn-

280 1498 396 1528 taxat
430 1482 708 1540 conceptibus
743 1497 810 1525 eas
845 1481 1162 1539 apprehendere
1196 1482 1430 1540 aliqualiter
1470 1483 1701 1529 valeamus.

283 1556 412 1600 Tales
447 1567 545 1597 sunt
581 1554 658 1597 hae
693 1555 900 1610 veritateS,
934 1554 976 1596 in
1010 1570 1092 1597 una
1125 1553 1267 1597 divina
1298 1568 1447 1600 natura
1479 1569 1563 1601 tres
1607 1574 1701 1602 esse

281 1630 501 1673 distinctas
535 1643 754 1686 personas,
789 1629 828 1669 in
864 1628 1040 1671 Christo
1075 1628 1177 1670 duas
1211 1643 1305 1671 esse
1351 1642 1520 1673 naturas
1554 1630 1699 1674 subsi-

280 1714 438 1745 stentes
472 1701 513 1742 in
547 1716 630 1743 una
664 1699 806 1743 divina
839 1715 1035 1757 persona.

400 1775 461 1817 Ut
494 1786 619 1831 patet,
644 1773 838 1815 veritates
862 1771 1220 1830 superrationales
1246 1771 1384 1816 multo
1408 1775 1546 1832 magis
1571 1790 1699 1833 quam

281 1844 688 1904 praetermtionales,
722 1843 931 1886 excedunt
965 1843 1174 1886 humanae
1208 1845 1362 1888 mentis
1396 1846 1484 1888 vim
1518 1858 1559 1889 et
1598 1859 1699 1905 ca'p-

279 1934 388 1966 tum:
423 1921 537 1964 hunc
570 1920 728 1963 scilicet
760 1933 962 1977 superant
994 1920 1172 1964 absolute
1204 1934 1243 1964 et
1273 1931 1347 1979 per
1378 1937 1431 1978 se,
1465 1921 1568 1966 dum
1606 1923 1701 1967 illse

281 1993 381 2035 aliae
414 1992 616 2035 eumdem
651 2004 853 2049 superant
895 1992 1037 2050 potius
1069 1992 1283 2035 secmzdzmz
1314 1993 1413 2051 quid
1444 2006 1485 2037 et
1513 2002 1586 2052 per
1627 2010 1702 2039 ac-

278 2065 424 2108 cidens.
451 2066 599 2117 Quare
632 2065 829 2107 veritates
856 2063 1248 2121 praeterrationales
1272 2080 1359 2107 non
1384 2064 1584 2109 dicuntur
1606 2082 1701 2125 my-

278 2137 406 2178 steria
431 2137 511 2178 nisi
536 2152 662 2178 sensu
689 2137 823 2178 minus
843 2137 1024 2193 proprio:
1049 2134 1123 2178 sed
1148 2151 1274 2178 sensu
1304 2137 1469 2194 proprio
1493 2153 1539 2180 ac
1565 2145 1701 2196 presso

279 2209 481 2266 mysteria
514 2207 585 2266 (1)
618 2220 825 2250 vocantur
858 2220 898 2250 et
931 2221 1029 2250 sunt
1064 2208 1260 2251 veritates
1296 2210 1664 2266 superrationales,

377 2395 422 2437 (1)
454 2394 530 2427 Hoc
557 2393 774 2428 vocabulum
800 2394 995 2438 μυστήριον
1025 2392 1188 2428 derivare
1228 2393 1367 2429 videtur
1393 2405 1411 2428 a
1448 2395 1522 2437 μύω
1560 2393 1702 2438 claudo,

277 2453 348 2494 vei,
378 2462 416 2488 ut
439 2453 498 2487 alii
526 2462 684 2488 censent,
711 2465 729 2487 a
754 2454 859 2497 μύεω,
880 2452 1043 2487 doctrina
1065 2453 1224 2497 instituo,
1244 2453 1522 2500 praesertimque
1539 2464 1590 2496 ea,
1610 2464 1702 2500 quae

277 2511 321 2545 ad
350 2523 404 2545 res
432 2523 549 2546 sacras
577 2523 637 2546 seu
666 2512 802 2545 divinas
828 2512 994 2557 pertinet.
1015 2511 1106 2546 Vide
1136 2512 1345 2547 thesaurum
1360 2512 1519 2547 Graecae
1547 2511 1636 2557 ling.
1655 2512 1702 2546 ab

278 2573 392 2606 Henr.
419 2572 603 2619 Stephano
631 2581 894 2614 constructum,
924 2571 959 2606 in
986 2572 1022 2607 h.
1048 2584 1080 2607 v.
