1737 2802
796 119 1062 160 -266—

214 231 372 273 nempe
405 230 567 258 nonorzs
599 228 765 257 causam
799 228 885 256 non
923 228 1014 256 esse
1057 212 1354 256 rationabilem
1399 213 1648 272 iustamque·

218 302 386 331 causam
422 285 663 343 exponendi
698 301 742 328 se
777 283 968 342 periculo
1002 285 1155 327 mortis
1190 296 1230 328 et
1264 282 1500 341 impetendi
1535 283 1650 327 alte--

219 361 303 402 rius
338 360 467 401 vitain
503 359 543 400 in
579 356 733 400 duello.
771 355 976 399 Duellum
1012 356 1168 413 suscipi
1202 356 1538 412 honoris-causa,
1566 370 1644 413 po-

217 443 298 473 test
333 429 509 486 intelligi
545 428 767 486 tripliciter
794 453 850 460 —
882 426 932 469 ad
966 426 1233 484 puniendum
1261 426 1554 470 adversarium
1588 424 1642 468 ob

217 503 416 544 iniuriam
452 500 608 542 illatam
645 515 824 557 eamque
856 497 1156 541 vindicandam
1182 522 1238 530 -—
1260 497 1311 540 ad
1347 497 1530 540 ablatum
1565 496 1641 540 ho-

217 589 366 616 norem
418 571 757 629 recuperandum
791 596 848 601 —
881 569 932 612 ad
966 568 1148 612 honoris
1183 569 1401 621 iacturam,
1434 583 1543 626 quae
1592 583 1642 610 ex

215 660 300 687 non
337 644 626 701 acceptatione
661 641 725 684 vel
759 642 885 684 etiam
921 656 971 684 ex
1004 656 1090 684 non
1127 639 1342 682 oblatione
1391 637 1519 682 duelli
1570 654 1649 682 se-

216 727 437 773 queretur,
474 712 820 771 praecavendam.

338 788 593 844 Specteinus
625 786 760 843 primo
795 783 1001 838 duellum,
1035 782 1152 840 quod
1188 783 1352 826 ineatur
1384 781 1440 824 ad
1466 781 1649 840 punien-

215 858 313 901 dum
347 858 637 901 adversarium
671 856 717 898 ob
752 856 948 898 iniuriam
998 855 1177 907 illatam,
1212 869 1377 912 eamque
1424 853 1645 898 vindican-

215 931 327 974 dam.
364 956 419 962 —
455 935 496 977 α)
530 930 704 972 Punitio
750 929 808 971 rei
858 928 1183 986 proportionata
1231 926 1417 980 crimini,
1450 926 1643 984 itemque

217 1001 414 1057 vindicta,
448 1016 533 1043 non
569 1013 632 1042 est
666 999 843 1057 quidem
874 998 924 1041 de
958 1014 1002 1041 se
1037 996 1162 1052 mala,
1187 1012 1339 1040 verum
1373 997 1415 1039 in
1451 1008 1562 1040 statu
1587 997 1652 1040 ci-

216 1073 286 1115 vili
321 1085 510 1130 potestas
547 1071 761 1114 iudicandi
811 1070 861 1114 de
897 1071 1074 1113 crimine
1107 1081 1147 1112 et
1181 1068 1233 1112 de
1267 1084 1405 1126 poena
1454 1083 1643 1127 propor-

215 1145 392 1201 tionata,
411 1143 697 1201 eamdemque
718 1141 957 1200 infligendi,
977 1142 1266 1185 committitur
1286 1157 1307 1184 a
1325 1152 1474 1183 natura
1491 1139 1652 1199 (idque

217 1231 362 1273 magno
395 1216 604 1258 hominum
641 1214 763 1273 hono)
797 1228 1022 1272 supremae
1067 1213 1308 1256 auctoritati
1351 1211 1479 1265 civili,
1514 1227 1641 1270 quam

215 1289 420 1331 nimirum
458 1300 606 1330 natura
641 1286 690 1330 ad
725 1286 809 1330 hoc
842 1288 1028 1344 praecise
1063 1285 1265 1340 instituit,
1295 1296 1341 1327 ut
1374 1283 1490 1342 leges
1523 1283 1652 1341 ferat,

216 1358 374 1402 iudicet
399 1371 438 1401 et
461 1359 623 1416 puniat.
648 1358 796 1416 Itaque
821 1358 1008 1416 privatus
1034 1357 1194 1414 privata
1217 1357 1470 1400 auctoritate
1493 1357 1642 1414 nequit

219 1430 403 1474 iudicare
442 1429 683 1473 authentice
718 1441 757 1472 et
790 1428 903 1472 alteri
939 1427 1131 1485 infligere
1181 1427 1342 1471 malum
1393 1421 1641 1486 physicum,

216 1502 358 1545 multo
395 1518 497 1545 vero
532 1503 676 1544 minus
721 1513 923 1556 mortem,
956 1500 1010 1543 ob
1061 1500 1260 1542 iniuriam
1295 1498 1342 1542 ab
1376 1498 1510 1543 altero
1558 1500 1639 1542 iam

215 1573 370 1617 illatam
406 1574 490 1632 (1).
527 1599 583 1607 -
616 1575 672 1616 At
704 1572 752 1633 β)
788 1587 1085 1631 supponamus
1117 1571 1174 1626 id,
1209 1571 1332 1630 qucd
1366 1583 1429 1614 est
1472 1570 1651 1628 falsum,.

213 1661 370 1704 nempe
396 1647 612 1703 privatum
647 1660 774 1703 posse
808 1645 967 1702 privata
1000 1645 1251 1688 auctoritate
1287 1642 1444 1687 inferre
1479 1642 1640 1686 malum

214 1716 443 1775 physicum
464 1716 536 1770 illi,
560 1733 582 1759 a
605 1732 692 1774 quo
711 1717 910 1759 iniuriam
930 1716 1106 1774 accepit.
1123 1715 1341 1760 Naturalis
1364 1725 1509 1758 tamen
1533 1715 1642 1759 ratio

215 1786 412 1844 dictaret,
447 1787 607 1829 malum
643 1786 872 1845 physicum
921 1786 1076 1830 debere
1118 1801 1212 1830 esse
1260 1786 1640 1844 proportionatum

216 1860 393 1902 iniuriae
425 1858 577 1913 illatae,
613 1871 654 1902 et
688 1871 1001 1916 consequenter
1035 1870 1283 1901 accuratum
1331 1857 1539 1901 iudicium
1589 1857 1649 1902 de*

214 1933 394 1975 iniuriae
427 1933 630 1990 gravitate
666 1930 817 1974 debere
852 1931 1066 1988 praemitti
1103 1929 1472 1982 condemnationi,
1497 1930 1640 1973 nemi-

214 2019 313 2046 nem
348 2019 453 2046 vero
487 2019 579 2047 esse
603 2018 729 2061 posse
762 2002 904 2045 solum
930 2001 1116 2045 iudicem
1149 2002 1191 2044 in
1219 2015 1342 2044 causa
1367 2001 1541 2059 propria
1565 2001 1647 2058 (2)μ

215 2074 409 2118 Dictaret
443 2075 544 2117 item
575 2089 661 2116 non
685 2072 885 2132 expedire
909 2084 954 2115 ut
976 2072 1113 2116 laesus
1137 2072 1192 2115 sit
1225 2070 1292 2114 ille
1317 2070 1431 2115 idern
1453 2071 1527 2129 qui
1551 2086 1643 2114 ma-

213 2145 303 2188 lum
339 2145 566 2203 physicum
602 2145 777 2203 infligat,
812 2145 1063 2203 praesertim
1095 2159 1199 2188 vero
1222 2143 1305 2187 hoc
1339 2142 1501 2186 malum
1533 2142 1645 2201 phy·

214 2218 350 2259 sicum
387 2215 657 2259 inferendum
693 2231 786 2260 esse
819 2215 972 2259 laesori
1006 2230 1093 2258 non
1127 2214 1258 2268 laeso,
1286 2225 1328 2257 et
1361 2212 1545 2271 proinde
1578 2213 1648 2255 vi-

306 2475 357 2522 (1)
383 2476 439 2511 De
466 2477 532 2511 hac
561 2489 598 2512 re
625 2477 780 2511 diximus
798 2486 915 2522 super.
933 2474 1023 2509 thes.
1043 2473 1118 2516 IV„
1142 2471 1352 2518 praesertim
1372 2479 1641 2518 pag.91.seqq-

308 2538 364 2582 (2)
393 2535 450 2573 Cf.
476 2546 504 2571 2.
534 2546 566 2570 2.
598 2548 629 2582 q.
657 2534 715 2578 64.
744 2547 773 2569 a⁴
805 2545 833 2578 5.
861 2534 904 2569 ad
937 2539 986 2570 1¹¹².
1012 2533 1118 2569 Hunc
1146 2545 1173 2569 s.
1200 2532 1371 2568 Thomae
1398 2531 1520 2566 locum
1546 2537 1648 2564 attu-

211 2597 319 2631 limus
347 2607 463 2642 super.
490 2596 580 2631 tlieS.
608 2595 706 2630 XXI.
735 2606 817 2641 pag.
845 2602 924 2639 233.
