<?xml version="1.0" encoding="UTF-8"?>
<!DOCTYPE html PUBLIC "-//W3C//DTD XHTML 1.0 Transitional//EN"
    "http://www.w3.org/TR/xhtml1/DTD/xhtml1-transitional.dtd">
<html xmlns="http://www.w3.org/1999/xhtml" xml:lang="en" lang="en">
 <head>
  <title>
</title>
<meta http-equiv="Content-Type" content="text/html;charset=utf-8" />
  <meta name='ocr-system' content='tesseract 3.04.00' />
  <meta name='ocr-capabilities' content='ocr_page ocr_carea ocr_par ocr_line ocrx_word'/>
</head>
<body>
  <div class='ocr_page' id='page_1' title='image "./institutionesphi02ferr_0212.png"; bbox 0 0 1737 2802; ppageno 0'>
   <div class='ocr_carea' id='block_1_1' title="bbox 1513 0 1737 50">
    <p class='ocr_par' dir='ltr' id='par_1_1' title="bbox 1513 0 1737 50">
     <span class='ocr_line' id='line_1_1' title="bbox 1513 0 1737 50; baseline -0.022 1"><span class='ocrx_word' id='word_1_1' title='bbox 1513 0 1550 27; x_wconf 61' lang='lat'>”⁷</span> <span class='ocrx_word' id='word_1_2' title='bbox 1566 0 1577 17; x_wconf 51' lang='lat'>¹·</span> <span class='ocrx_word' id='word_1_3' title='bbox 1592 0 1737 50; x_wconf 46' lang='lat' dir='ltr'>‘ww</span> 
     </span>
    </p>
   </div>
   <div class='ocr_carea' id='block_1_2' title="bbox 746 136 1091 167">
    <p class='ocr_par' dir='ltr' id='par_1_2' title="bbox 746 136 1091 167">
     <span class='ocr_line' id='line_1_2' title="bbox 746 136 1091 167; baseline 0 0"><span class='ocrx_word' id='word_1_4' title='bbox 746 151 759 167; x_wconf 49' lang='lat' dir='ltr'>x</span> <span class='ocrx_word' id='word_1_5' title='bbox 821 136 1091 167; x_wconf 88' lang='lat'><strong>—202—</strong></span> 
     </span>
    </p>
   </div>
   <div class='ocr_carea' id='block_1_3' title="bbox 237 218 1709 2362">
    <p class='ocr_par' dir='ltr' id='par_1_3' title="bbox 237 218 1709 2362">
     <span class='ocr_line' id='line_1_3' title="bbox 242 218 1668 278; baseline -0.001 -13"><span class='ocrx_word' id='word_1_6' title='bbox 242 223 407 267; x_wconf 72' lang='lat' dir='ltr'>videns.</span> <span class='ocrx_word' id='word_1_7' title='bbox 441 248 499 254; x_wconf 90' lang='lat'>--</span> <span class='ocrx_word' id='word_1_8' title='bbox 531 222 579 264; x_wconf 92' lang='lat' dir='ltr'>In</span> <span class='ocrx_word' id='word_1_9' title='bbox 613 219 762 264; x_wconf 88' lang='lat' dir='ltr'>ordine</span> <span class='ocrx_word' id='word_1_10' title='bbox 796 220 900 263; x_wconf 88' lang='lat' dir='ltr'>item</span> <span class='ocrx_word' id='word_1_11' title='bbox 937 218 1248 278; x_wconf 80' lang='lat' dir='ltr'>supernaturali</span> <span class='ocrx_word' id='word_1_12' title='bbox 1291 218 1503 263; x_wconf 87' lang='lat' dir='ltr'>humanus</span> <span class='ocrx_word' id='word_1_13' title='bbox 1536 218 1668 264; x_wconf 88' lang='lat' dir='ltr'>intel-</span> 
     </span>
     <span class='ocr_line' id='line_1_4' title="bbox 242 290 1667 351; baseline -0.002 -14"><span class='ocrx_word' id='word_1_14' title='bbox 242 294 374 337; x_wconf 84' lang='lat' dir='ltr'>lectus</span> <span class='ocrx_word' id='word_1_15' title='bbox 410 294 550 351; x_wconf 91' lang='lat' dir='ltr'>primo</span> <span class='ocrx_word' id='word_1_16' title='bbox 597 291 773 348; x_wconf 88' lang='lat' dir='ltr'>quidem</span> <span class='ocrx_word' id='word_1_17' title='bbox 822 290 1097 349; x_wconf 91' lang='lat' dir='ltr'>imperfectus</span> <span class='ocrx_word' id='word_1_18' title='bbox 1145 304 1208 334; x_wconf 90' lang='lat' dir='ltr'>est</span> <span class='ocrx_word' id='word_1_19' title='bbox 1243 292 1285 334; x_wconf 92' lang='lat' dir='ltr'>in</span> <span class='ocrx_word' id='word_1_20' title='bbox 1333 303 1442 334; x_wconf 87' lang='lat' dir='ltr'>statu</span> <span class='ocrx_word' id='word_1_21' title='bbox 1485 290 1667 350; x_wconf 85' lang='lat' dir='ltr'>parvuli,</span> 
     </span>
     <span class='ocr_line' id='line_1_5' title="bbox 243 361 1667 422; baseline -0.003 -14"><span class='ocrx_word' id='word_1_22' title='bbox 243 378 335 408; x_wconf 87' lang='lat' dir='ltr'>tum</span> <span class='ocrx_word' id='word_1_23' title='bbox 370 380 472 407; x_wconf 78' lang='lat' dir='ltr'>vero</span> <span class='ocrx_word' id='word_1_24' title='bbox 496 363 707 422; x_wconf 85' lang='lat' dir='ltr'>perfectus</span> <span class='ocrx_word' id='word_1_25' title='bbox 741 362 880 406; x_wconf 86' lang='lat' dir='ltr'>evadit</span> <span class='ocrx_word' id='word_1_26' title='bbox 904 363 944 405; x_wconf 93' lang='lat' dir='ltr'>in</span> <span class='ocrx_word' id='word_1_27' title='bbox 979 375 1090 406; x_wconf 88' lang='lat' dir='ltr'>statu</span> <span class='ocrx_word' id='word_1_28' title='bbox 1113 361 1259 407; x_wconf 87' lang='lat' dir='ltr'>adulti.</span> <span class='ocrx_word' id='word_1_29' title='bbox 1288 363 1338 406; x_wconf 92' lang='lat' dir='ltr'>In</span> <span class='ocrx_word' id='word_1_30' title='bbox 1369 374 1480 406; x_wconf 89' lang='lat' dir='ltr'>statu</span> <span class='ocrx_word' id='word_1_31' title='bbox 1504 361 1667 421; x_wconf 87' lang='lat' dir='ltr'>parvuli</span> 
     </span>
     <span class='ocr_line' id='line_1_6' title="bbox 243 433 1669 494; baseline -0.001 -16"><span class='ocrx_word' id='word_1_32' title='bbox 243 449 466 494; x_wconf 89' lang='lat' dir='ltr'>permanet</span> <span class='ocrx_word' id='word_1_33' title='bbox 501 450 575 494; x_wconf 87' lang='lat' dir='ltr'>per</span> <span class='ocrx_word' id='word_1_34' title='bbox 623 447 759 478; x_wconf 89' lang='lat' dir='ltr'>totam</span> <span class='ocrx_word' id='word_1_35' title='bbox 795 434 902 478; x_wconf 87' lang='lat' dir='ltr'>hanc</span> <span class='ocrx_word' id='word_1_36' title='bbox 952 434 1180 478; x_wconf 79' lang='lat' dir='ltr'>mortalem</span> <span class='ocrx_word' id='word_1_37' title='bbox 1228 436 1375 489; x_wconf 85' lang='lat' dir='ltr'>vitam,</span> <span class='ocrx_word' id='word_1_38' title='bbox 1410 433 1462 478; x_wconf 91' lang='lat' dir='ltr'>ad</span> <span class='ocrx_word' id='word_1_39' title='bbox 1510 446 1669 478; x_wconf 85' lang='lat' dir='ltr'>statum</span> 
     </span>
     <span class='ocr_line' id='line_1_7' title="bbox 243 505 1669 565; baseline 0 -15"><span class='ocrx_word' id='word_1_40' title='bbox 243 507 372 552; x_wconf 81' lang='lat' dir='ltr'>adulti</span> <span class='ocrx_word' id='word_1_41' title='bbox 407 520 601 565; x_wconf 79' lang='lat' dir='ltr'>assurget</span> <span class='ocrx_word' id='word_1_42' title='bbox 635 508 676 550; x_wconf 91' lang='lat' dir='ltr'>in</span> <span class='ocrx_word' id='word_1_43' title='bbox 711 506 851 550; x_wconf 87' lang='lat' dir='ltr'>futura</span> <span class='ocrx_word' id='word_1_44' title='bbox 884 508 993 550; x_wconf 76' lang='lat' dir='ltr'>vita:</span> <span class='ocrx_word' id='word_1_45' title='bbox 1027 508 1070 550; x_wconf 91' lang='lat' dir='ltr'>in</span> <span class='ocrx_word' id='word_1_46' title='bbox 1104 520 1213 550; x_wconf 86' lang='lat' dir='ltr'>statu</span> <span class='ocrx_word' id='word_1_47' title='bbox 1240 507 1400 565; x_wconf 86' lang='lat' dir='ltr'>parvuli</span> <span class='ocrx_word' id='word_1_48' title='bbox 1434 505 1486 551; x_wconf 94' lang='lat' dir='ltr'>de</span> <span class='ocrx_word' id='word_1_49' title='bbox 1518 522 1669 565; x_wconf 91' lang='lat' dir='ltr'>super-</span> 
     </span>
     <span class='ocr_line' id='line_1_8' title="bbox 242 576 1709 638; baseline -0.002 -14"><span class='ocrx_word' id='word_1_50' title='bbox 242 580 517 624; x_wconf 76' lang='lat' dir='ltr'>rationalibus</span> <span class='ocrx_word' id='word_1_51' title='bbox 566 579 813 623; x_wconf 80' lang='lat' dir='ltr'>veritatibus</span> <span class='ocrx_word' id='word_1_52' title='bbox 848 581 1003 637; x_wconf 77' lang='lat' dir='ltr'>cogitat</span> <span class='ocrx_word' id='word_1_53' title='bbox 1042 595 1088 622; x_wconf 88' lang='lat' dir='ltr'>ac</span> <span class='ocrx_word' id='word_1_54' title='bbox 1126 578 1319 637; x_wconf 90' lang='lat' dir='ltr'>loquitur</span> <span class='ocrx_word' id='word_1_55' title='bbox 1360 591 1407 623; x_wconf 91' lang='lat' dir='ltr'>ut</span> <span class='ocrx_word' id='word_1_56' title='bbox 1449 577 1666 638; x_wconf 84' lang='lat' dir='ltr'>parvulus,</span> <span class='ocrx_word' id='word_1_57' title='bbox 1707 576 1709 578; x_wconf 57' lang='grc'><strong>’</strong></span> 
     </span>
     <span class='ocr_line' id='line_1_9' title="bbox 242 650 1666 709; baseline -0.001 -15"><span class='ocrx_word' id='word_1_58' title='bbox 242 651 400 695; x_wconf 86' lang='lat' dir='ltr'>scilicet</span> <span class='ocrx_word' id='word_1_59' title='bbox 432 651 723 709; x_wconf 88' lang='lat' dir='ltr'>balbutiendo,</span> <span class='ocrx_word' id='word_1_60' title='bbox 757 653 799 694; x_wconf 92' lang='lat' dir='ltr'>in</span> <span class='ocrx_word' id='word_1_61' title='bbox 848 664 958 694; x_wconf 87' lang='lat' dir='ltr'>statu</span> <span class='ocrx_word' id='word_1_62' title='bbox 994 651 1125 694; x_wconf 86' lang='lat' dir='ltr'>adulti</span> <span class='ocrx_word' id='word_1_63' title='bbox 1174 651 1225 695; x_wconf 90' lang='lat' dir='ltr'>de</span> <span class='ocrx_word' id='word_1_64' title='bbox 1262 650 1416 695; x_wconf 89' lang='lat' dir='ltr'>iisdem</span> <span class='ocrx_word' id='word_1_65' title='bbox 1463 650 1666 709; x_wconf 78' lang='lat' dir='ltr'>loquetur</span> 
     </span>
     <span class='ocr_line' id='line_1_10' title="bbox 242 721 1667 781; baseline -0.001 -14"><span class='ocrx_word' id='word_1_66' title='bbox 242 736 289 767; x_wconf 89' lang='lat' dir='ltr'>ut</span> <span class='ocrx_word' id='word_1_67' title='bbox 320 723 526 780; x_wconf 62' lang='lat' dir='ltr'>Angelus&#39;,</span> <span class='ocrx_word' id='word_1_68' title='bbox 558 739 709 767; x_wconf 86' lang='lat' dir='ltr'>eorum</span> <span class='ocrx_word' id='word_1_69' title='bbox 735 722 894 766; x_wconf 85' lang='lat' dir='ltr'>scilicet</span> <span class='ocrx_word' id='word_1_70' title='bbox 927 723 1095 780; x_wconf 88' lang='lat' dir='ltr'>linguis:</span> <span class='ocrx_word' id='word_1_71' title='bbox 1130 724 1173 766; x_wconf 89' lang='lat' dir='ltr'>in</span> <span class='ocrx_word' id='word_1_72' title='bbox 1201 735 1312 766; x_wconf 87' lang='lat' dir='ltr'>statu</span> <span class='ocrx_word' id='word_1_73' title='bbox 1342 722 1507 781; x_wconf 89' lang='lat' dir='ltr'>parvuli</span> <span class='ocrx_word' id='word_1_74' title='bbox 1533 721 1667 766; x_wconf 82' lang='lat' dir='ltr'>credit</span> 
     </span>
     <span class='ocr_line' id='line_1_11' title="bbox 242 793 1591 852; baseline -0.001 -13"><span class='ocrx_word' id='word_1_75' title='bbox 242 796 489 840; x_wconf 81' lang='lat' dir='ltr'>instructori</span> <span class='ocrx_word' id='word_1_76' title='bbox 523 797 637 848; x_wconf 90' lang='lat' dir='ltr'>Deo,</span> <span class='ocrx_word' id='word_1_77' title='bbox 673 796 715 838; x_wconf 89' lang='lat' dir='ltr'>in</span> <span class='ocrx_word' id='word_1_78' title='bbox 748 807 858 837; x_wconf 88' lang='lat' dir='ltr'>statu</span> <span class='ocrx_word' id='word_1_79' title='bbox 892 793 1025 837; x_wconf 90' lang='lat' dir='ltr'>adulti</span> <span class='ocrx_word' id='word_1_80' title='bbox 1058 793 1220 837; x_wconf 90' lang='lat' dir='ltr'>videbit</span> <span class='ocrx_word' id='word_1_81' title='bbox 1253 795 1397 852; x_wconf 90' lang='lat' dir='ltr'>ipsum</span> <span class='ocrx_word' id='word_1_82' title='bbox 1432 794 1591 846; x_wconf 88' lang='lat' dir='ltr'>Deum.</span> 
     </span>
     <span class='ocr_line' id='line_1_12' title="bbox 359 865 1666 926; baseline -0.002 -15"><span class='ocrx_word' id='word_1_83' title='bbox 359 869 428 912; x_wconf 91' lang='lat' dir='ltr'>Ne</span> <span class='ocrx_word' id='word_1_84' title='bbox 477 881 598 926; x_wconf 82' lang='lat' dir='ltr'>putes</span> <span class='ocrx_word' id='word_1_85' title='bbox 648 880 810 920; x_wconf 86' lang='lat' dir='ltr'>tamen,</span> <span class='ocrx_word' id='word_1_86' title='bbox 846 879 1036 910; x_wconf 80' lang='lat' dir='ltr'>mentem</span> <span class='ocrx_word' id='word_1_87' title='bbox 1087 880 1279 910; x_wconf 87' lang='lat' dir='ltr'>nostram</span> <span class='ocrx_word' id='word_1_88' title='bbox 1329 867 1372 909; x_wconf 90' lang='lat' dir='ltr'>in</span> <span class='ocrx_word' id='word_1_89' title='bbox 1407 865 1490 909; x_wconf 86' lang='lat' dir='ltr'>hoc</span> <span class='ocrx_word' id='word_1_90' title='bbox 1537 866 1666 908; x_wconf 85' lang='lat' dir='ltr'>etiam</span> 
     </span>
     <span class='ocr_line' id='line_1_13' title="bbox 242 938 1664 998; baseline -0.001 -15"><span class='ocrx_word' id='word_1_91' title='bbox 242 953 351 984; x_wconf 88' lang='lat' dir='ltr'>statu</span> <span class='ocrx_word' id='word_1_92' title='bbox 386 940 562 998; x_wconf 83' lang='lat' dir='ltr'>parvuli,</span> <span class='ocrx_word' id='word_1_93' title='bbox 596 956 669 983; x_wconf 90' lang='lat' dir='ltr'>seu</span> <span class='ocrx_word' id='word_1_94' title='bbox 705 941 747 983; x_wconf 91' lang='lat' dir='ltr'>in</span> <span class='ocrx_word' id='word_1_95' title='bbox 782 940 866 983; x_wconf 86' lang='lat' dir='ltr'>hoc</span> <span class='ocrx_word' id='word_1_96' title='bbox 900 941 1027 983; x_wconf 86' lang='lat' dir='ltr'>etiam</span> <span class='ocrx_word' id='word_1_97' title='bbox 1061 941 1153 983; x_wconf 77' lang='lat' dir='ltr'>viae</span> <span class='ocrx_word' id='word_1_98' title='bbox 1187 952 1313 996; x_wconf 90' lang='lat' dir='ltr'>statu,</span> <span class='ocrx_word' id='word_1_99' title='bbox 1346 938 1512 982; x_wconf 91' lang='lat' dir='ltr'>nullum</span> <span class='ocrx_word' id='word_1_100' title='bbox 1536 953 1664 995; x_wconf 88' lang='lat' dir='ltr'>posse</span> 
     </span>
     <span class='ocr_line' id='line_1_14' title="bbox 242 1010 1666 1070; baseline -0.002 -15"><span class='ocrx_word' id='word_1_101' title='bbox 242 1014 283 1055; x_wconf 90' lang='lat' dir='ltr'>in</span> <span class='ocrx_word' id='word_1_102' title='bbox 317 1012 595 1070; x_wconf 78' lang='lat' dir='ltr'>intelligentia</span> <span class='ocrx_word' id='word_1_103' title='bbox 643 1013 953 1070; x_wconf 75' lang='lat' dir='ltr'>mysteriorum</span> <span class='ocrx_word' id='word_1_104' title='bbox 1002 1010 1243 1069; x_wconf 79' lang='lat' dir='ltr'>profectum</span> <span class='ocrx_word' id='word_1_105' title='bbox 1278 1010 1425 1054; x_wconf 89' lang='lat' dir='ltr'>facere.</span> <span class='ocrx_word' id='word_1_106' title='bbox 1477 1010 1666 1062; x_wconf 78' lang='lat' dir='ltr'>«Ratio,</span> 
     </span>
     <span class='ocr_line' id='line_1_15' title="bbox 241 1082 1667 1142; baseline -0.001 -15"><span class='ocrx_word' id='word_1_107' title='bbox 241 1084 367 1127; x_wconf 88' lang='lat' dir='ltr'>verba</span> <span class='ocrx_word' id='word_1_108' title='bbox 401 1097 500 1127; x_wconf 91' lang='lat' dir='ltr'>sunt</span> <span class='ocrx_word' id='word_1_109' title='bbox 535 1084 718 1128; x_wconf 89' lang='lat' dir='ltr'>Concilii</span> <span class='ocrx_word' id='word_1_110' title='bbox 752 1085 945 1127; x_wconf 79' lang='lat' dir='ltr'>Vaticani</span> <span class='ocrx_word' id='word_1_111' title='bbox 979 1083 1064 1142; x_wconf 84' lang='lat'>(1),</span> <span class='ocrx_word' id='word_1_112' title='bbox 1097 1083 1179 1128; x_wconf 90' lang='lat' dir='ltr'>fide</span> <span class='ocrx_word' id='word_1_113' title='bbox 1213 1082 1436 1140; x_wconf 87' lang='lat' dir='ltr'>illustrata,</span> <span class='ocrx_word' id='word_1_114' title='bbox 1471 1099 1569 1126; x_wconf 88' lang='lat' dir='ltr'>cum</span> <span class='ocrx_word' id='word_1_115' title='bbox 1593 1098 1667 1125; x_wconf 90' lang='lat' dir='ltr'>se-</span> 
     </span>
     <span class='ocr_line' id='line_1_16' title="bbox 242 1155 1667 1215; baseline -0.001 -16"><span class='ocrx_word' id='word_1_116' title='bbox 242 1155 345 1200; x_wconf 90' lang='lat' dir='ltr'>dulo</span> <span class='ocrx_word' id='word_1_117' title='bbox 381 1158 448 1215; x_wconf 89' lang='lat' dir='ltr'>pie</span> <span class='ocrx_word' id='word_1_118' title='bbox 482 1169 523 1200; x_wconf 91' lang='lat' dir='ltr'>et</span> <span class='ocrx_word' id='word_1_119' title='bbox 555 1155 695 1199; x_wconf 86' lang='lat' dir='ltr'>sobrie</span> <span class='ocrx_word' id='word_1_120' title='bbox 729 1157 906 1214; x_wconf 87' lang='lat' dir='ltr'>quaerit,</span> <span class='ocrx_word' id='word_1_121' title='bbox 941 1155 1142 1214; x_wconf 78' lang='lat' dir='ltr'>aliquam,</span> <span class='ocrx_word' id='word_1_122' title='bbox 1185 1157 1280 1199; x_wconf 89' lang='lat' dir='ltr'>Deo</span> <span class='ocrx_word' id='word_1_123' title='bbox 1326 1155 1465 1211; x_wconf 83' lang='lat' dir='ltr'>dante,</span> <span class='ocrx_word' id='word_1_124' title='bbox 1500 1167 1667 1212; x_wconf 85' lang='lat' dir='ltr'>myste-</span> 
     </span>
     <span class='ocr_line' id='line_1_17' title="bbox 241 1226 1666 1285; baseline -0.002 -15"><span class='ocrx_word' id='word_1_125' title='bbox 241 1229 405 1271; x_wconf 86' lang='lat' dir='ltr'>riorum</span> <span class='ocrx_word' id='word_1_126' title='bbox 433 1227 758 1285; x_wconf 81' lang='lat' dir='ltr'>intelligentiam</span> <span class='ocrx_word' id='word_1_127' title='bbox 784 1243 965 1285; x_wconf 83' lang='lat' dir='ltr'>eamque</span> <span class='ocrx_word' id='word_1_128' title='bbox 990 1226 1378 1270; x_wconf 81' lang='lat' dir='ltr'>fructuosissimam</span> <span class='ocrx_word' id='word_1_129' title='bbox 1404 1226 1666 1283; x_wconf 85' lang='lat' dir='ltr'>assequitur,</span> 
     </span>
     <span class='ocr_line' id='line_1_18' title="bbox 242 1298 1664 1358; baseline -0.001 -16"><span class='ocrx_word' id='word_1_130' title='bbox 242 1312 333 1342; x_wconf 90' lang='lat' dir='ltr'>tum</span> <span class='ocrx_word' id='word_1_131' title='bbox 369 1317 418 1343; x_wconf 83' lang='lat' dir='ltr'>ex</span> <span class='ocrx_word' id='word_1_132' title='bbox 451 1315 620 1352; x_wconf 81' lang='lat' dir='ltr'>eorum,</span> <span class='ocrx_word' id='word_1_133' title='bbox 657 1316 763 1358; x_wconf 80' lang='lat' dir='ltr'>quae</span> <span class='ocrx_word' id='word_1_134' title='bbox 798 1300 1045 1343; x_wconf 85' lang='lat' dir='ltr'>naturaliter</span> <span class='ocrx_word' id='word_1_135' title='bbox 1079 1299 1316 1356; x_wconf 82' lang='lat' dir='ltr'>cognoscit,</span> <span class='ocrx_word' id='word_1_136' title='bbox 1339 1298 1547 1355; x_wconf 86' lang='lat' dir='ltr'>analogia,</span> <span class='ocrx_word' id='word_1_137' title='bbox 1571 1311 1664 1340; x_wconf 88' lang='lat' dir='ltr'>tum</span> 
     </span>
     <span class='ocr_line' id='line_1_19' title="bbox 241 1367 1665 1430; baseline -0.002 -15"><span class='ocrx_word' id='word_1_138' title='bbox 241 1388 261 1415; x_wconf 94' lang='lat' dir='ltr'>e</span> <span class='ocrx_word' id='word_1_139' title='bbox 296 1373 603 1430; x_wconf 78' lang='lat' dir='ltr'>mysteriorum</span> <span class='ocrx_word' id='word_1_140' title='bbox 638 1373 834 1430; x_wconf 88' lang='lat' dir='ltr'>ipsorum</span> <span class='ocrx_word' id='word_1_141' title='bbox 868 1388 979 1415; x_wconf 80' lang='lat' dir='ltr'>nexu</span> <span class='ocrx_word' id='word_1_142' title='bbox 1024 1373 1133 1415; x_wconf 88' lang='lat' dir='ltr'>inter</span> <span class='ocrx_word' id='word_1_143' title='bbox 1167 1387 1212 1415; x_wconf 87' lang='lat' dir='ltr'>se</span> <span class='ocrx_word' id='word_1_144' title='bbox 1245 1384 1285 1414; x_wconf 92' lang='lat' dir='ltr'>et</span> <span class='ocrx_word' id='word_1_145' title='bbox 1333 1386 1432 1413; x_wconf 87' lang='lat' dir='ltr'>cum</span> <span class='ocrx_word' id='word_1_146' title='bbox 1465 1367 1548 1413; x_wconf 89' lang='lat' dir='ltr'>fine</span> <span class='ocrx_word' id='word_1_147' title='bbox 1594 1369 1665 1412; x_wconf 91' lang='lat' dir='ltr'>ul-</span> 
     </span>
     <span class='ocr_line' id='line_1_20' title="bbox 240 1442 1666 1501; baseline -0.002 -15"><span class='ocrx_word' id='word_1_148' title='bbox 240 1445 403 1487; x_wconf 85' lang='lat' dir='ltr'>timo.»</span> <span class='ocrx_word' id='word_1_149' title='bbox 443 1443 575 1487; x_wconf 82' lang='lat' dir='ltr'>Unde</span> <span class='ocrx_word' id='word_1_150' title='bbox 604 1444 737 1500; x_wconf 80' lang='lat' dir='ltr'>vides,</span> <span class='ocrx_word' id='word_1_151' title='bbox 772 1445 983 1487; x_wconf 89' lang='lat' dir='ltr'>rationem</span> <span class='ocrx_word' id='word_1_152' title='bbox 1018 1455 1209 1487; x_wconf 88' lang='lat' dir='ltr'>nostram</span> <span class='ocrx_word' id='word_1_153' title='bbox 1243 1442 1388 1501; x_wconf 89' lang='lat' dir='ltr'>(secus</span> <span class='ocrx_word' id='word_1_154' title='bbox 1436 1457 1482 1485; x_wconf 90' lang='lat' dir='ltr'>ac</span> <span class='ocrx_word' id='word_1_155' title='bbox 1531 1442 1666 1484; x_wconf 86' lang='lat' dir='ltr'>ratio-</span> 
     </span>
     <span class='ocr_line' id='line_1_21' title="bbox 240 1513 1666 1574; baseline -0.001 -16"><span class='ocrx_word' id='word_1_156' title='bbox 240 1515 415 1559; x_wconf 86' lang='lat' dir='ltr'>nalistae</span> <span class='ocrx_word' id='word_1_157' title='bbox 449 1515 682 1574; x_wconf 85' lang='lat' dir='ltr'>affirmant)</span> <span class='ocrx_word' id='word_1_158' title='bbox 716 1531 843 1573; x_wconf 89' lang='lat' dir='ltr'>posse</span> <span class='ocrx_word' id='word_1_159' title='bbox 868 1517 995 1559; x_wconf 89' lang='lat' dir='ltr'>etiam</span> <span class='ocrx_word' id='word_1_160' title='bbox 1028 1531 1141 1558; x_wconf 87' lang='lat' dir='ltr'>nunc</span> <span class='ocrx_word' id='word_1_161' title='bbox 1165 1513 1459 1572; x_wconf 88' lang='lat' dir='ltr'>multipliciter</span> <span class='ocrx_word' id='word_1_162' title='bbox 1480 1529 1525 1557; x_wconf 88' lang='lat' dir='ltr'>se</span> <span class='ocrx_word' id='word_1_163' title='bbox 1549 1529 1666 1556; x_wconf 83' lang='lat' dir='ltr'>exer—</span> 
     </span>
     <span class='ocr_line' id='line_1_22' title="bbox 241 1585 1662 1644; baseline -0.001 -15"><span class='ocrx_word' id='word_1_164' title='bbox 241 1602 334 1630; x_wconf 88' lang='lat' dir='ltr'>cere</span> <span class='ocrx_word' id='word_1_165' title='bbox 369 1588 475 1630; x_wconf 88' lang='lat' dir='ltr'>circa</span> <span class='ocrx_word' id='word_1_166' title='bbox 524 1588 738 1644; x_wconf 75' lang='lat' dir='ltr'>mysteria:</span> <span class='ocrx_word' id='word_1_167' title='bbox 776 1587 935 1630; x_wconf 84' lang='lat' dir='ltr'>scilicet</span> <span class='ocrx_word' id='word_1_168' title='bbox 969 1612 1025 1620; x_wconf 90' lang='lat'>—</span> <span class='ocrx_word' id='word_1_169' title='bbox 1058 1599 1104 1629; x_wconf 90' lang='lat' dir='ltr'>ut</span> <span class='ocrx_word' id='word_1_170' title='bbox 1154 1603 1200 1629; x_wconf 86' lang='lat' dir='ltr'>ea</span> <span class='ocrx_word' id='word_1_171' title='bbox 1249 1585 1480 1642; x_wconf 88' lang='lat' dir='ltr'>analogicis</span> <span class='ocrx_word' id='word_1_172' title='bbox 1520 1585 1662 1628; x_wconf 91' lang='lat' dir='ltr'>notio·</span> 
     </span>
     <span class='ocr_line' id='line_1_23' title="bbox 239 1657 1662 1716; baseline -0.003 -14"><span class='ocrx_word' id='word_1_173' title='bbox 239 1659 362 1702; x_wconf 86' lang='lat' dir='ltr'>nibus</span> <span class='ocrx_word' id='word_1_174' title='bbox 397 1658 637 1702; x_wconf 82' lang='lat' dir='ltr'>distinctius</span> <span class='ocrx_word' id='word_1_175' title='bbox 673 1660 899 1716; x_wconf 81' lang='lat' dir='ltr'>concipiat,</span> <span class='ocrx_word' id='word_1_176' title='bbox 933 1683 991 1691; x_wconf 94' lang='lat'>—</span> <span class='ocrx_word' id='word_1_177' title='bbox 1025 1671 1070 1701; x_wconf 89' lang='lat' dir='ltr'>ut</span> <span class='ocrx_word' id='word_1_178' title='bbox 1104 1674 1151 1702; x_wconf 85' lang='lat' dir='ltr'>ea</span> <span class='ocrx_word' id='word_1_179' title='bbox 1183 1657 1364 1701; x_wconf 83' lang='lat' dir='ltr'>illustret</span> <span class='ocrx_word' id='word_1_180' title='bbox 1398 1673 1444 1700; x_wconf 90' lang='lat' dir='ltr'>ac</span> <span class='ocrx_word' id='word_1_181' title='bbox 1477 1669 1662 1708; x_wconf 87' lang='lat' dir='ltr'>tueatur,</span> 
     </span>
     <span class='ocr_line' id='line_1_24' title="bbox 239 1728 1664 1789; baseline -0.002 -14"><span class='ocrx_word' id='word_1_182' title='bbox 239 1757 296 1765; x_wconf 90' lang='lat'><strong>—</strong></span> <span class='ocrx_word' id='word_1_183' title='bbox 329 1745 375 1775; x_wconf 91' lang='lat' dir='ltr'>ut</span> <span class='ocrx_word' id='word_1_184' title='bbox 407 1734 602 1775; x_wconf 81' lang='lat' dir='ltr'>veritates</span> <span class='ocrx_word' id='word_1_185' title='bbox 636 1731 751 1785; x_wconf 83' lang='lat' dir='ltr'>alias,</span> <span class='ocrx_word' id='word_1_186' title='bbox 785 1747 891 1789; x_wconf 89' lang='lat' dir='ltr'>quae</span> <span class='ocrx_word' id='word_1_187' title='bbox 926 1747 1023 1774; x_wconf 91' lang='lat' dir='ltr'>cum</span> <span class='ocrx_word' id='word_1_188' title='bbox 1049 1732 1097 1774; x_wconf 91' lang='lat' dir='ltr'>iis</span> <span class='ocrx_word' id='word_1_189' title='bbox 1131 1743 1460 1786; x_wconf 89' lang='lat' dir='ltr'>connectuntur,</span> <span class='ocrx_word' id='word_1_190' title='bbox 1483 1728 1664 1773; x_wconf 87' lang='lat' dir='ltr'>deducat</span> 
     </span>
     <span class='ocr_line' id='line_1_25' title="bbox 239 1801 1664 1859; baseline -0.002 -12"><span class='ocrx_word' id='word_1_191' title='bbox 239 1804 303 1847; x_wconf 78' lang='lat' dir='ltr'>vel</span> <span class='ocrx_word' id='word_1_192' title='bbox 338 1803 562 1847; x_wconf 82' lang='lat' dir='ltr'>confirmet</span> <span class='ocrx_word' id='word_1_193' title='bbox 595 1817 671 1847; x_wconf 86' lang='lat' dir='ltr'>etc.</span> <span class='ocrx_word' id='word_1_194' title='bbox 709 1805 833 1847; x_wconf 89' lang='lat' dir='ltr'>Mens</span> <span class='ocrx_word' id='word_1_195' title='bbox 867 1816 1009 1846; x_wconf 83' lang='lat' dir='ltr'>tamen</span> <span class='ocrx_word' id='word_1_196' title='bbox 1058 1816 1217 1859; x_wconf 84' lang='lat' dir='ltr'>nostra,</span> <span class='ocrx_word' id='word_1_197' title='bbox 1252 1815 1296 1844; x_wconf 92' lang='lat' dir='ltr'>ut</span> <span class='ocrx_word' id='word_1_198' title='bbox 1342 1801 1454 1845; x_wconf 88' lang='lat' dir='ltr'>idem</span> <span class='ocrx_word' id='word_1_199' title='bbox 1505 1801 1664 1845; x_wconf 86' lang='lat' dir='ltr'>Conci-</span> 
     </span>
     <span class='ocr_line' id='line_1_26' title="bbox 238 1873 1665 1933; baseline -0.001 -15"><span class='ocrx_word' id='word_1_200' title='bbox 238 1876 343 1919; x_wconf 91' lang='lat' dir='ltr'>lium</span> <span class='ocrx_word' id='word_1_201' title='bbox 380 1875 532 1919; x_wconf 88' lang='lat' dir='ltr'>docere</span> <span class='ocrx_word' id='word_1_202' title='bbox 581 1877 733 1933; x_wconf 85' lang='lat' dir='ltr'>pergit,</span> <span class='ocrx_word' id='word_1_203' title='bbox 775 1891 1052 1933; x_wconf 86' lang='lat' dir='ltr'>«numquam</span> <span class='ocrx_word' id='word_1_204' title='bbox 1101 1874 1253 1918; x_wconf 87' lang='lat' dir='ltr'>idonea</span> <span class='ocrx_word' id='word_1_205' title='bbox 1297 1873 1489 1918; x_wconf 88' lang='lat' dir='ltr'>redditur</span> <span class='ocrx_word' id='word_1_206' title='bbox 1531 1873 1582 1916; x_wconf 91' lang='lat' dir='ltr'>ad</span> <span class='ocrx_word' id='word_1_207' title='bbox 1616 1889 1665 1916; x_wconf 83' lang='lat' dir='ltr'>ea</span> 
     </span>
     <span class='ocr_line' id='line_1_27' title="bbox 238 1946 1663 2007; baseline -0.001 -17"><span class='ocrx_word' id='word_1_208' title='bbox 238 1948 487 2007; x_wconf 76' lang='lat' dir='ltr'>(mysteria)</span> <span class='ocrx_word' id='word_1_209' title='bbox 506 1948 818 2007; x_wconf 84' lang='lat' dir='ltr'>perspicienda,</span> <span class='ocrx_word' id='word_1_210' title='bbox 839 1949 969 1991; x_wconf 89' lang='lat' dir='ltr'>instar</span> <span class='ocrx_word' id='word_1_211' title='bbox 987 1948 1230 2002; x_wconf 86' lang='lat' dir='ltr'>veritatum,</span> <span class='ocrx_word' id='word_1_212' title='bbox 1248 1961 1355 2004; x_wconf 85' lang='lat' dir='ltr'>quae</span> <span class='ocrx_word' id='word_1_213' title='bbox 1366 1947 1583 2004; x_wconf 80' lang='lat' dir='ltr'>proprium</span> <span class='ocrx_word' id='word_1_214' title='bbox 1600 1946 1663 2003; x_wconf 87' lang='lat'>(2)</span> 
     </span>
     <span class='ocr_line' id='line_1_28' title="bbox 237 2015 1660 2075; baseline -0.001 -13"><span class='ocrx_word' id='word_1_215' title='bbox 237 2021 328 2063; x_wconf 91' lang='lat' dir='ltr'>eius</span> <span class='ocrx_word' id='word_1_216' title='bbox 363 2019 579 2062; x_wconf 86' lang='lat' dir='ltr'>obiectum</span> <span class='ocrx_word' id='word_1_217' title='bbox 615 2020 898 2063; x_wconf 88' lang='lat' dir='ltr'>constituunt.</span> <span class='ocrx_word' id='word_1_218' title='bbox 936 2019 1094 2062; x_wconf 79' lang='lat' dir='ltr'>Divina</span> <span class='ocrx_word' id='word_1_219' title='bbox 1126 2019 1242 2061; x_wconf 87' lang='lat' dir='ltr'>enim</span> <span class='ocrx_word' id='word_1_220' title='bbox 1275 2017 1480 2075; x_wconf 90' lang='lat' dir='ltr'>mysteria</span> <span class='ocrx_word' id='word_1_221' title='bbox 1512 2015 1660 2074; x_wconf 88' lang='lat' dir='ltr'>suapte</span> 
     </span>
     <span class='ocr_line' id='line_1_29' title="bbox 238 2088 1664 2146; baseline -0.002 -12"><span class='ocrx_word' id='word_1_222' title='bbox 238 2104 386 2134; x_wconf 84' lang='lat' dir='ltr'>natura</span> <span class='ocrx_word' id='word_1_223' title='bbox 407 2088 680 2134; x_wconf 60' lang='lat' dir='ltr'>*intellectum</span> <span class='ocrx_word' id='word_1_224' title='bbox 717 2104 904 2134; x_wconf 89' lang='lat' dir='ltr'>creatum</span> <span class='ocrx_word' id='word_1_225' title='bbox 940 2091 1001 2134; x_wconf 89' lang='lat' dir='ltr'>sic</span> <span class='ocrx_word' id='word_1_226' title='bbox 1034 2089 1262 2146; x_wconf 78' lang='lat' dir='ltr'>excedunt,</span> <span class='ocrx_word' id='word_1_227' title='bbox 1297 2102 1341 2131; x_wconf 91' lang='lat' dir='ltr'>ut</span> <span class='ocrx_word' id='word_1_228' title='bbox 1376 2088 1503 2132; x_wconf 87' lang='lat' dir='ltr'>etiam</span> <span class='ocrx_word' id='word_1_229' title='bbox 1537 2103 1664 2131; x_wconf 88' lang='lat' dir='ltr'>reve-</span> 
     </span>
     <span class='ocr_line' id='line_1_30' title="bbox 240 2157 1663 2219; baseline -0.001 -15"><span class='ocrx_word' id='word_1_230' title='bbox 240 2162 397 2205; x_wconf 86' lang='lat' dir='ltr'>latione</span> <span class='ocrx_word' id='word_1_231' title='bbox 430 2161 579 2205; x_wconf 74' lang='lat' dir='ltr'>tradita</span> <span class='ocrx_word' id='word_1_232' title='bbox 614 2175 655 2205; x_wconf 91' lang='lat' dir='ltr'>et</span> <span class='ocrx_word' id='word_1_233' title='bbox 686 2161 769 2205; x_wconf 87' lang='lat' dir='ltr'>fide</span> <span class='ocrx_word' id='word_1_234' title='bbox 803 2174 1014 2219; x_wconf 85' lang='lat' dir='ltr'>suscepta,</span> <span class='ocrx_word' id='word_1_235' title='bbox 1048 2161 1182 2218; x_wconf 88' lang='lat' dir='ltr'>ipsius</span> <span class='ocrx_word' id='word_1_236' title='bbox 1216 2173 1359 2203; x_wconf 84' lang='lat' dir='ltr'>tamen</span> <span class='ocrx_word' id='word_1_237' title='bbox 1401 2157 1500 2202; x_wconf 90' lang='lat' dir='ltr'>fidei</span> <span class='ocrx_word' id='word_1_238' title='bbox 1545 2158 1663 2203; x_wconf 79' lang='lat' dir='ltr'>vela-—</span> 
     </span>
     <span class='ocr_line' id='line_1_31' title="bbox 240 2230 1663 2292; baseline -0.001 -17"><span class='ocrx_word' id='word_1_239' title='bbox 240 2235 355 2276; x_wconf 86' lang='lat' dir='ltr'>mine</span> <span class='ocrx_word' id='word_1_240' title='bbox 389 2246 582 2277; x_wconf 86' lang='lat' dir='ltr'>contecta</span> <span class='ocrx_word' id='word_1_241' title='bbox 621 2247 660 2277; x_wconf 92' lang='lat' dir='ltr'>et</span> <span class='ocrx_word' id='word_1_242' title='bbox 690 2234 873 2292; x_wconf 86' lang='lat' dir='ltr'>quadam</span> <span class='ocrx_word' id='word_1_243' title='bbox 922 2235 1041 2291; x_wconf 85' lang='lat' dir='ltr'>quasi</span> <span class='ocrx_word' id='word_1_244' title='bbox 1090 2232 1266 2289; x_wconf 87' lang='lat' dir='ltr'>caligine</span> <span class='ocrx_word' id='word_1_245' title='bbox 1315 2230 1520 2275; x_wconf 84' lang='lat' dir='ltr'>obvoluta</span> <span class='ocrx_word' id='word_1_246' title='bbox 1566 2247 1663 2274; x_wconf 85' lang='lat' dir='ltr'>ma·-</span> 
     </span>
     <span class='ocr_line' id='line_1_32' title="bbox 238 2304 1663 2362; baseline 0 -16"><span class='ocrx_word' id='word_1_247' title='bbox 238 2316 379 2361; x_wconf 90' lang='lat' dir='ltr'>neant,</span> <span class='ocrx_word' id='word_1_248' title='bbox 412 2304 618 2362; x_wconf 84' lang='lat' dir='ltr'>quamdiu</span> <span class='ocrx_word' id='word_1_249' title='bbox 653 2306 696 2348; x_wconf 91' lang='lat' dir='ltr'>in</span> <span class='ocrx_word' id='word_1_250' title='bbox 730 2304 807 2348; x_wconf 87' lang='lat' dir='ltr'>hac</span> <span class='ocrx_word' id='word_1_251' title='bbox 841 2304 1011 2348; x_wconf 89' lang='lat' dir='ltr'>mortali</span> <span class='ocrx_word' id='word_1_252' title='bbox 1042 2305 1129 2347; x_wconf 87' lang='lat' dir='ltr'>vita</span> <span class='ocrx_word' id='word_1_253' title='bbox 1159 2304 1483 2362; x_wconf 88' lang='lat' dir='ltr'>peregrinamur</span> <span class='ocrx_word' id='word_1_254' title='bbox 1516 2317 1539 2345; x_wconf 90' lang='lat' dir='ltr'>a</span> <span class='ocrx_word' id='word_1_255' title='bbox 1571 2304 1663 2347; x_wconf 92' lang='lat' dir='ltr'>Do-</span> 
     </span>
    </p>
   </div>
   <div class='ocr_carea' id='block_1_4' title="bbox 239 2424 433 2430">
    <p class='ocr_par' dir='ltr' id='par_1_4' title="bbox 239 2424 433 2430">
     <span class='ocr_line' id='line_1_33' title="bbox 239 2424 433 2430; baseline 0 0"><span class='ocrx_word' id='word_1_256' title='bbox 239 2424 433 2430; x_wconf 95' lang='lat' dir='ltr'> </span> 
     </span>
    </p>
   </div>
   <div class='ocr_carea' id='block_1_5' title="bbox 237 2485 1657 2651">
    <p class='ocr_par' dir='ltr' id='par_1_5' title="bbox 237 2485 1657 2651">
     <span class='ocr_line' id='line_1_34' title="bbox 331 2485 970 2531; baseline 0.002 -12"><span class='ocrx_word' id='word_1_257' title='bbox 331 2485 383 2530; x_wconf 85' lang='lat'>(1)</span> <span class='ocrx_word' id='word_1_258' title='bbox 411 2485 537 2520; x_wconf 86' lang='lat' dir='ltr'>Const.</span> <span class='ocrx_word' id='word_1_259' title='bbox 563 2485 630 2519; x_wconf 73' lang='lat' dir='ltr'>Dei</span> <span class='ocrx_word' id='word_1_260' title='bbox 656 2486 776 2527; x_wconf 75' lang='lat' dir='ltr'>Filius,</span> <span class='ocrx_word' id='word_1_261' title='bbox 804 2496 879 2531; x_wconf 87' lang='lat' dir='ltr'>cap.</span> <span class='ocrx_word' id='word_1_262' title='bbox 907 2485 970 2520; x_wconf 85' lang='lat' dir='ltr'>IV.</span> 
     </span>
     <span class='ocr_line' id='line_1_35' title="bbox 332 2543 1657 2591; baseline -0.001 -13"><span class='ocrx_word' id='word_1_263' title='bbox 332 2544 388 2590; x_wconf 89' lang='lat'>(2)</span> <span class='ocrx_word' id='word_1_264' title='bbox 413 2544 505 2579; x_wconf 86' lang='lat' dir='ltr'>Vide</span> <span class='ocrx_word' id='word_1_265' title='bbox 532 2556 584 2587; x_wconf 86' lang='lat' dir='ltr'>ea,</span> <span class='ocrx_word' id='word_1_266' title='bbox 611 2556 700 2591; x_wconf 88' lang='lat' dir='ltr'>quae</span> <span class='ocrx_word' id='word_1_267' title='bbox 727 2545 771 2579; x_wconf 89' lang='lat' dir='ltr'>de</span> <span class='ocrx_word' id='word_1_268' title='bbox 797 2546 941 2580; x_wconf 85' lang='lat' dir='ltr'>obiecto</span> <span class='ocrx_word' id='word_1_269' title='bbox 968 2544 1155 2591; x_wconf 76' lang='lat' dir='ltr'>adaequato</span> <span class='ocrx_word' id='word_1_270' title='bbox 1182 2553 1216 2580; x_wconf 90' lang='lat' dir='ltr'>et</span> <span class='ocrx_word' id='word_1_271' title='bbox 1243 2543 1287 2579; x_wconf 93' lang='lat' dir='ltr'>de</span> <span class='ocrx_word' id='word_1_272' title='bbox 1325 2544 1469 2580; x_wconf 84' lang='lat' dir='ltr'>obiecto</span> <span class='ocrx_word' id='word_1_273' title='bbox 1504 2549 1657 2590; x_wconf 81' lang='lat' dir='ltr'>propor-</span> 
     </span>
     <span class='ocr_line' id='line_1_36' title="bbox 237 2603 1541 2651; baseline 0.001 -12"><span class='ocrx_word' id='word_1_274' title='bbox 237 2606 366 2639; x_wconf 78' lang='lat' dir='ltr'>tionato</span> <span class='ocrx_word' id='word_1_275' title='bbox 392 2615 453 2639; x_wconf 85' lang='lat' dir='ltr'>seu</span> <span class='ocrx_word' id='word_1_276' title='bbox 477 2605 622 2651; x_wconf 79' lang='lat' dir='ltr'>proprio</span> <span class='ocrx_word' id='word_1_277' title='bbox 649 2605 855 2639; x_wconf 87' lang='lat' dir='ltr'>intellectus</span> <span class='ocrx_word' id='word_1_278' title='bbox 882 2605 996 2639; x_wconf 83' lang='lat' dir='ltr'>nostri</span> <span class='ocrx_word' id='word_1_279' title='bbox 1022 2603 1178 2639; x_wconf 81' lang='lat' dir='ltr'>diximus</span> <span class='ocrx_word' id='word_1_280' title='bbox 1204 2615 1322 2650; x_wconf 88' lang='lat' dir='ltr'>super.</span> <span class='ocrx_word' id='word_1_281' title='bbox 1348 2616 1430 2651; x_wconf 85' lang='lat' dir='ltr'>pag.</span> <span class='ocrx_word' id='word_1_282' title='bbox 1466 2603 1541 2649; x_wconf 82' lang='lat'>187.</span> 
     </span>
    </p>
   </div>
  </div>
 </body>
</html>
