1737 2802
0 2706 21 2802 iva-w
14 2671 27 2691 ,Α

673 153 914 196 -17-

76 236 233 295 ceptio,
265 251 364 279 cum
396 251 553 293 nempe
595 236 659 278 ius
703 235 890 278 sumitur
937 250 1015 292 pro
1049 246 1274 291 potestate,
1307 234 1501 290 licentia,

77 306 287 350 facultate.
306 307 404 349 Hoc
421 318 544 363 pacto
562 305 668 349 dixit
691 304 879 351 Ovidius
904 304 955 348 de
977 304 1212 347 Phaetonte
1231 304 1310 362 (1):
1341 323 1361 346 «
1385 305 1498 349 Cur-

79 393 150 420 rus
183 389 306 434 rogat
338 375 406 420 ille
439 389 659 434 paternos,
694 377 831 434 Inque
866 375 982 418 diem
1005 374 1223 432 alipedum
1256 376 1320 417 ius
1346 387 1387 418 et
1411 391 1505 418 mo-

80 447 282 492 deramen
315 461 529 504 equorum
553 464 594 490 ».
627 448 741 490 Item
767 447 916 489 Livius
940 446 1023 504 (2):
1054 463 1076 486 «
1102 447 1201 489 Saxi
1226 447 1513 504 materiaeque

81 516 330 571 caedendae,
364 516 478 560 unde
512 518 695 576 quisque
727 517 867 581 vellet,
900 518 964 560 ius
990 516 1148 560 factum
1173 534 1213 560 n.
1238 518 1336 560 Hoc
1361 529 1505 560 autem

82 603 208 632 sensu
242 601 472 646 acceptum
507 590 574 631 ius
612 590 673 631 sic
698 588 899 632 definitur
922 604 942 631 a
965 589 1114 632 Lessio
1139 601 1178 631 et
1203 588 1254 632 de
1278 589 1402 646 Lugo
1426 588 1513 647 (3):

83 660 155 702 Ius
189 672 252 702 est
279 668 456 718 potestas
489 660 666 718 legitima
701 660 756 702 ad
791 676 872 703 rem
905 660 1092 717 aliquam
1140 659 1417 713 obtinendam,
1453 660 1515 703 val

83 730 137 773 acl
169 731 353 789 aliquam
375 731 647 789 functionem,
682 732 745 774 vel
769 731 1175 789 qltasislmctionem,
1199 734 1321 775 cuins
1344 732 1515 776 violatio

85 803 288 845 ‘iniuriam
319 804 541 846 constituit.
578 801 755 858 Singula
790 816 893 844 vero
929 801 1059 844 huius
1093 801 1358 846 definitionis
1389 802 1516 845 verba

85 872 146 915 sic
177 872 349 915 Lessius
383 885 478 930 apte
513 885 553 915 et
588 873 814 930 perspicue
841 872 1037 930 explicat.

207 943 371 996 Primo,
404 952 461 986 est
488 952 683 1001 potestas,
718 945 743 987 i.
777 960 811 987 e.
847 942 1052 986 habitudo
1101 944 1308 1001 quaedam
1359 944 1411 987 ad
1445 943 1518 986 ali-

87 1012 204 1071 quid,
253 1013 365 1057 unde
413 1014 596 1057 dicimur
644 1013 800 1072 aliquid
847 1030 973 1073 posse
1002 1015 1076 1072 (4).
1113 1017 1228 1058 Haec
1276 1027 1423 1058 autem
1474 1030 1518 1056 se

86 1098 131 1126 se
164 1083 289 1128 habet
323 1110 377 1118 -
408 1084 475 1127 vel
508 1086 550 1128 in
585 1084 767 1128 modum
800 1086 1017 1143 potentiae
1058 1087 1235 1141 activae,
1271 1098 1318 1129 ut
1343 1084 1516 1144 quando

185 1339 237 1386 (1)
263 1340 350 1374 Met.
376 1341 420 1374 11.
446 1350 500 1385 47.
530 1341 621 1376 Vide
647 1342 758 1376 etiam
788 1343 891 1387 epist.
932 1353 976 1376 ex
1020 1341 1141 1376 Ponto
1187 1341 1209 1376 1.
1249 1341 1309 1375 ΠΙ.
1349 1352 1402 1388 ep.
1433 1334 1516 1376 N:

94 1412 111 1428 «
137 1398 373 1444 Praecipuum
399 1400 527 1434 veniae
554 1401 608 1434 ius
633 1400 742 1435 habet
769 1400 829 1434 ille
849 1400 939 1434 liber
958 1415 989 1434 ».
1009 1401 1052 1435 Et
1070 1399 1092 1434 1.
1120 1400 1181 1434 IV.
1205 1412 1258 1446 ep.
1279 1401 1358 1434 IX.:
1383 1414 1400 1432 «
1418 1400 1522 1435 Mitia

90 1458 145 1491 ius
170 1457 278 1493 Urbis
305 1459 334 1492 si
361 1459 472 1493 modo
500 1458 574 1494 fata
596 1459 726 1495 ,darent
747 1473 777 1494 ».

186 1518 240 1563 (2)
268 1517 308 1551 L.
334 1518 379 1552 V.
409 1526 463 1560 55.
492 1518 528 1552 in
556 1518 616 1553 fin.

187 1573 239 1620 (3)
265 1574 355 1610 Loc.
377 1576 449 1610 iam
476 1576 538 1611 cit.
564 1576 597 1610 A
623 1576 791 1611 Suaresio
820 1576 842 1611 l.
864 1588 893 1615 c,
912 1587 1012 1611 num.
1035 1586 1076 1620 5..
1096 1577 1152 1611 ius
1178 1576 1285 1611 tertio
1312 1576 1384 1611 hoc
1412 1587 1521 1611 sensu

92 1644 281 1681 acceptum
307 1635 357 1669 sic
383 1635 576 1671 definitur:
601 1635 788 1671 «facultas
815 1636 992 1683 quaedam
1018 1637 1180 1679 moralis,
1202 1648 1308 1683 quam
1326 1637 1522 1684 unusquis-

93 1705 161 1739 que
186 1693 293 1728 habet
319 1695 376 1738 vel
404 1696 496 1729 circa
524 1706 600 1730 rem
626 1707 727 1730 suam
748 1695 805 1729 vel
832 1695 874 1730 ad
902 1707 979 1730 rem
1014 1696 1082 1731 sibi
1117 1695 1289 1731 debitam.
1323 1696 1383 1731 Sic
1425 1698 1524 1732 enim

93 1753 264 1789 dominus
288 1755 338 1789 rei
365 1755 494 1790 dicitur
518 1756 650 1790 habere
677 1757 730 1790 ius
757 1755 792 1790 in
820 1767 856 1790 re
885 1764 918 1791 et
943 1756 1127 1803 operarius
1154 1756 1281 1792 dicitur
1308 1756 1441 1791 habere
1468 1757 1523 1791 ius

95 1811 139 1846 ad
164 1813 401 1858 stipendium,
429 1815 568 1849 ratione
596 1815 695 1850 cuius
722 1815 853 1850 dicitur
879 1815 1009 1862 dignus
1035 1815 1203 1850 mercede
1247 1826 1318 1850 sua.
1349 1816 1393 1851 Et
1433 1815 1525 1850 haec

96 1871 316 1918 significatio
344 1874 444 1908 vocis
470 1874 575 1909 huius
602 1873 768 1921 frequens
795 1883 846 1910 est
874 1887 949 1909 non
976 1874 1096 1910 solum
1123 1875 1159 1909 in
1188 1876 1276 1918 iure,
1311 1875 1374 1909 sed
1414 1875 1524 1910 etiam

95 1930 130 1965 in
157 1941 184 1965 s.
211 1931 403 1977 Scriptura.
420 1932 572 1967 —Nam
600 1935 635 1968 in
664 1935 738 1968 iure
763 1933 832 1968 hoc
859 1934 974 1968 modo
1002 1934 1270 1979 distinguuntur
1309 1934 1364 1968 ius
1406 1934 1444 1968 in
1487 1945 1525 1969 re

95 1991 152 2025 vel
178 1991 223 2026 ad
249 2003 350 2026 rem:
380 1992 467 2027 item
494 1993 568 2026 iura
595 1994 820 2036 servitutum,
847 2004 908 2029 seu
937 1994 1012 2028 iura
1046 1993 1276 2040 praediorum
1305 1993 1525 2028 rusticorum

95 2049 153 2084 vel
179 2051 415 2094 urbanorum,
445 2051 520 2085 iura
548 2052 671 2086 utendi
696 2053 753 2086 vel
781 2051 948 2094 fruendi,
976 2063 1066 2098 quae
1107 2052 1178 2087 late
1217 2052 1330 2087 videri
1372 2060 1526 2098 possunt

97 2110 192 2156 apud
219 2111 443 2146 Brissonium
471 2111 534 2147 lib.
563 2123 599 2159 9.
629 2112 672 2146 de
697 2113 794 2147 verb.
822 2111 940 2159 signif.
967 2112 1068 2148 verb.
1097 2112 1162 2146 ius.
1190 2132 1234 2138 —
1270 2113 1310 2146 In
1345 2112 1527 2158 Scriptura

97 2180 182 2204 vero
207 2169 363 2218 legimus
382 2199 390 2214 ,
421 2171 553 2206 dixisse
578 2172 763 2207 Abraham
791 2172 834 2207 ad
876 2172 973 2206 filios
1015 2172 1126 2214 Heth,
1159 2171 1297 2216 ,Genea
1341 2181 1420 2216 23.,
1448 2171 1527 2206 date

97 2230 183 2264 mihi
208 2231 259 2265 ius
282 2231 464 2278 sepulchri,
493 2231 526 2265 id
553 2240 607 2266 est
633 2231 842 2266 facultatem
863 2231 1078 2278 sepeliendi,
1100 2239 1133 2265 et
1154 2243 1234 2277 cap.
1252 2240 1306 2274 31.
1334 2230 1377 2265 de
1402 2231 1526 2274 Iacob,

97 2289 242 2336 quando
269 2290 429 2326 discessit
456 2303 475 2325 a
501 2301 639 2334 socero,
668 2291 797 2326 dicitur
823 2290 947 2326 tulisse
972 2301 1096 2325 secum
1141 2290 1277 2333 omnia,
1316 2301 1406 2336 quae
1441 2290 1528 2324 iuris

98 2349 150 2383 sui
180 2358 292 2393 erant,
322 2359 357 2385 et
383 2351 516 2386 similia
544 2350 625 2385 loca
651 2359 734 2385 sunt
762 2349 962 2397 frequentia
990 2364 1026 2385 ».

193 2410 244 2455 (4)
271 2409 329 2444 Ad
355 2421 431 2445 rem
458 2410 653 2457 Taparelli,
681 2410 809 2456 Saggio
836 2414 948 2445 teoret.
975 2408 1010 2443 di
1034 2408 1153 2444 diritto
1180 2413 1252 2443 nat.
1274 2408 1454 2443 dissertaz.
1475 2418 1526 2444 11.

100 2480 132 2505 c.
164 2478 207 2512 3.:
246 2469 362 2504 «Che
388 2479 473 2504 cosa
499 2470 700 2505 intendiam
741 2469 804 2503 noi
838 2480 908 2504 con
947 2476 1073 2516 queste
1099 2467 1236 2515 parole,
1263 2477 1348 2502 aver
1384 2466 1530 2503 diritto?

98 2528 329 2564 Intendiamo
357 2539 456 2563 avere
481 2540 527 2563 un
550 2533 679 2573 potere.
709 2528 797 2564 Cos'l
824 2528 880 2562 chi
908 2527 998 2571 dice,
1026 2527 1050 2562 il
1077 2527 1238 2574 padrone
1265 2527 1310 2561 ha
1343 2526 1466 2562 diritto
1495 2526 1530 2562 di

102 2589 264 2636 disporre
292 2589 348 2624 del
376 2600 456 2632 suo,
485 2588 711 2624 intendiamo
738 2587 803 2622 che
824 2587 894 2635 pu&
921 2587 1089 2634 disporne
1105 2601 1136 2622 ι).

1388 2644 1408 2668 2
