1737 2802
680 132 738 151 ..⁴-
772 130 856 173 327
889 141 947 150 ..-

59 247 62 250 -
101 215 201 258 Hoc
231 225 407 257 tuemur
439 225 584 256 contra
633 212 894 262 Socialist'as‚
925 211 999 269 qui
1045 209 1233 254 testandi
1267 209 1333 252 ius
1371 224 1395 251 a
1442 207 1531 251 sola

101 285 210 343 legis
243 284 453 343 positivae
486 299 561 327 seu
596 283 729 327 civilis
764 282 1048 341 dispositione
1081 293 1292 340 repetunt.

222 356 461 413 Arguimus
500 356 571 410 1⁰.)
604 371 655 398 ex
687 371 758 408 eo,
793 353 911 412 quod
945 355 1011 397 ius
1045 353 1129 396 hoc
1176 351 1359 396 testandi
1406 365 1534 394 reco-

104 439 336 484 gnoscatur
368 442 442 469 seu
477 426 623 483 vigeat
656 440 743 470 non
779 426 820 468 in
855 425 931 468 hac
964 437 1133 467 tanturn
1166 422 1233 466 vel
1265 424 1308 466 in
1343 422 1426 478 illa,
1459 420 1533 464 sed

104 500 148 542 in
181 499 329 556 quavis
352 499 554 541 societate
590 498 717 541 civili.
742 497 789 540 Id
823 509 966 540 autem
990 495 1200 538 indicium
1237 493 1432 551 profecto
1456 504 1534 547 est,

103 570 170 612 ius
203 569 287 613 hoc
321 568 553 626 procedere
586 585 607 611 a
640 568 733 625 lege
767 568 835 610 illa
868 567 1063 623 naturali,
1097 583 1204 625 quae
1239 582 1337 610 curn
1370 567 1425 608 sit
1459 579 1534 606 na-

105 640 252 684 turalis
285 653 349 683 est
381 641 629 683 communis
673 641 792 682 omni
837 639 948 682 civili
998 638 1206 692 societati,
1239 653 1326 680 non
1376 651 1478 679 vero
1513 651 1534 677 a

105 712 200 769 lege
234 712 431 769 positiva,
464 726 571 768 quae
603 712 717 753 varia
751 725 813 754 est
846 712 886 753 in
920 711 1046 753 variis
1080 709 1264 766 politicis
1309 708 1536 751 consocia-

106 784 295 827 tionibus
330 785 402 842 (Ι).
436 784 526 826 Lex
559 784 689 839 igitur
723 784 906 840 positiva
940 797 1026 824 non
1060 793 1171 824 creat
1208 780 1276 824 vel
1309 779 1436 823 efficit
1468 779 1536 821 ius

107 855 308 912 testandi,
341 854 415 898 sed
450 854 553 897 illud
587 871 608 897 a
640 855 818 897 naturali
855 854 949 910 lege
998 854 1162 910 recipit,
1197 852 1393 907 declarat,
1428 865 1537 892 con-

106 928 263 972 firmat.

228 1001 280 1044 Et
313 1015 412 1042 sane
447 999 523 1054 2⁰.)
557 998 654 1042 inde
689 998 878 1041 dimanat
910 999 974 1040 ius
1009 996 1207 1049 testandi,
1242 995 1355 1038 unde
1400 995 1537 1037 oritur

110 1073 356 1116 dominium
381 1087 454 1114 seu
490 1083 679 1129 potestas
702 1069 959 1127 disponendi
995 1085 1072 1126 pro
1096 1068 1217 1111 libito
1253 1067 1303 1110 de
1327 1082 1385 1122 re,
1409 1079 1539 1122 quam

108 1145 307 1201 legitimo
341 1141 452 1185 facto
486 1143 580 1199 quis
606 1141 682 1183 sibi
716 1142 954 1198 acquisivit.
979 1140 1061 1184 Sed
1086 1139 1169 1182 hoc
1193 1137 1437 1181 dominium
1463 1151 1539 1178 seu
1590 1137 1598 1142 ”

112 1217 214 1259 haec
250 1227 436 1272 potestas
485 1213 661 1271 profluit
695 1212 742 1255 ab
792 1214 880 1270 ipsa
924 1212 1016 1269 lege
1065 1212 1259 1254 naturali.
1309 1211 1426 1266 Ergo
1474 1209 1541 1251 ius

111 1302 288 1344 quoque
321 1284 503 1328 testandi
529 1284 578 1326 ab
603 1286 692 1341 ipsa
715 1282 893 1326 naturali
919 1282 1013 1338 lege
1036 1282 1167 1325 fluere
1201 1280 1431 1324 dicendum
1463 1290 1539 1339 est.

232 1359 443 1411 Quaeres:
480 1356 731 1407 Quamnam
766 1370 872 1411 ergo
907 1366 1165 1410 potestatem
1200 1367 1402 1409 suprema
1441 1365 1544 1392 auc-

111 1432 260 1474 toritas
295 1428 420 1472 habet
453 1427 594 1485 quoad
629 1427 913 1469 testamenta?
936 1451 993 1459 -
1018 1424 1243 1478 Quaedam
1279 1435 1394 1479 sunt,
1417 1437 1542 1479 quae,

92 1497 191 1545 'hac
209 1502 337 1544 etiam
362 1501 403 1542 in
429 1515 489 1551 re,
512 1500 669 1541 intuitu
690 1513 860 1554 semper
878 1512 952 1540 seu
974 1497 1134 1539 ratione
1155 1495 1257 1538 boni
1281 1493 1545 1547 communis,

114 1587 340 1629 supremae
373 1570 642 1613 auctoritatis
676 1569 870 1612 subiecto
906 1580 1176 1625 competunt:
1195 1568 1421 1624 praecipue
1440 1580 1545 1608 vero

116 1643 403 1686 determinare
437 1640 706 1684 conditiones
742 1656 815 1683 seu
850 1639 1006 1696 legales
1030 1638 1192 1682 formas
1225 1654 1246 1681 a
1281 1637 1441 1680 civibus
1466 1637 1548 1678 im-

114 1714 305 1774 plendas,
338 1726 384 1756 ut
417 1724 672 1755 testamenta
706 1725 818 1754 recte
851 1724 921 1754 aut
955 1712 1083 1754 etiam
1116 1709 1253 1752 valide
1288 1708 1399 1752 fiant.

238 1799 306 1841 95.
344 1785 597 1828 SCHOLION.
632 1783 808 1825 Instant:
844 1784 1002 1826 Nonne
1051 1781 1134 1842 hoc
1181 1779 1332 1823 saltem
1381 1779 1550 1823 admitti

116 1855 253 1910 debet,
285 1855 397 1898 bona
430 1870 602 1910 eorum,
634 1854 704 1910 qui
739 1853 788 1895 ab
823 1856 1014 1896 intestato
1049 1851 1277 1907 decedunt,
1311 1866 1404 1894 esse
1448 1851 1550 1893 nul-

118 1928 212 1981 lius,
245 1940 317 1970 aut
350 1928 392 1969 in
418 1926 663 1969 dominium
698 1925 915 1967 societatis
940 1924 1074 1966 civilis
1109 1923 1343 1966 devenire?
1377 1947 1434 1955 —-
1468 1923 1552 1966 Re·
1593 1965 1598 1969 ,

117 1998 330 2057 spondeo,
364 1997 407 2040 id
441 1999 568 2040 etiam
604 1996 771 2039 admitti
806 2011 892 2039 non
929 2011 1069 2052 posse.

109 2067 113 2071 ’
237 2071 447 2115 Filiorum
483 2071 596 2113 enim
631 2070 847 2112 successio
884 2071 925 2112 in
960 2069 1070 2112 bona
1103 2080 1331 2125 parentum
1367 2066 1419 2109 ab
1453 2067 1554 2108 inte-

117 2150 236 2198 stato,
267 2155 329 2185 est
362 2140 447 2198 legi
482 2153 656 2184 naturae
689 2142 882 2198 apprime
919 2152 1213 2183 consentanea.
1267 2139 1366 2181 Hoc
1409 2149 1554 2180 autem

67 2243 75 2249 .
117 2211 322 2270 probatur
355 2211 516 2270 duplici
549 2213 834 2270 potissimum
869 2224 1143 2269 argumento.

213 2450 267 2496 (1)
291 2450 385 2485 Vide
413 2450 534 2485 locum
564 2451 771 2486 Aristotelis
799 2450 948 2486 allatum
976 2461 1093 2496 super.
1119 2449 1190 2485 vol.
1214 2461 1240 2484 1.
1262 2460 1345 2496 pag.
1367 2459 1459 2496 ²92*
1481 2459 1557 2494 quo

117 2509 155 2543 in
182 2509 268 2546 loco
293 2509 543 2556 Philosophus
570 2510 758 2557 distinguit
786 2511 839 2544 ius
865 2509 969 2544 civile
1009 2510 1044 2544 in
1081 2509 1241 2544 naturale
1279 2518 1313 2543 et
1352 2509 1558 2555 legitimum-

119 2566 198 2603 cfr.
229 2579 283 2612 ea,
310 2581 400 2616 quae
427 2568 585 2604 diximus
611 2580 716 2616 supra
745 2569 798 2605 th.
827 2569 871 2604 ΙΙ.
899 2581 984 2617 pag.
1009 2579 1066 2604 22.
