1737 2802
841 172 897 182 —
928 110 1021 193 7186
1047 172 1108 183 -

261 240 385 285 nobis
433 243 654 300 cognosci,
701 242 729 287 i.
765 259 803 287 e.
836 258 912 302 per
959 242 1150 287 divinam
1196 241 1508 287 revelationem
1534 220 1694 302 ειεᾶρῖ,

261 315 439 372 eiusque
471 329 555 372 ope
586 315 738 373 attingi
771 314 878 359 ideis
911 314 1143 374 analogicis
1173 329 1280 360 conc.

379 385 550 429 Veritas
582 401 881 445 quaecumque
912 399 1056 445 potest
1087 386 1138 430 ab
1170 385 1388 431 intellectu
1419 396 1575 430 nostro
1604 398 1687 429 co·

260 457 415 515 gnosci
446 457 586 516 aliquo
620 457 753 511 modo,
776 473 933 516 nempe
950 483 1007 492 -
1023 457 1089 502 vel
1113 457 1229 502 illam
1251 473 1327 518 per
1357 473 1403 502 se
1424 454 1691 516 detegendo,

260 527 327 571 vel
359 527 474 571 illam
508 528 556 572 ab
590 528 671 572 alio
704 528 954 588 accipiendo
986 554 1044 563 -—
1075 528 1142 573 vel
1174 544 1250 588 per
1297 540 1533 588 conceptus
1578 542 1713 590 pro-v

261 601 380 660 prios
413 615 455 644 et
487 600 686 660 perfecte,
717 601 785 645 vel
816 617 892 659 per
914 615 1152 660 conceptus
1175 600 1423 659 analogicos
1453 612 1498 646 et
1524 599 1687 660 imper·

260 671 371 717 fecte
405 699 457 705 —
491 672 558 716 vel
605 674 765 717 virtute
812 689 890 717 sua
937 673 1131 731 naturali,
1178 672 1243 717 vel
1292 671 1455 717 viribus
1497 672 1690 730 gratuito

260 744 562 803 superadditis.
587 745 736 798 Quare
769 744 1000 788 discrimen
1035 746 1145 789 inter
1165 745 1365 788 veritates
1398 741 1626 798 rationales
1646 754 1691 786 et

259 818 459 861 veritates
491 817 850 876 superrationales
884 833 972 861 non
1007 817 1203 861 consistit
1235 818 1279 860 in
1313 816 1412 871 hoc,
1443 813 1564 876 quod
1593 813 1693 858 illae

260 891 443 948 possint,
480 889 558 932 hae
580 905 667 933 non
703 891 871 948 possint
893 889 942 933 ab
976 889 1192 933 intellectu
1216 889 1435 948 cognosci,
1458 886 1534 933 sed
1554 889 1689 932 situm

259 974 324 1004 est
359 963 400 1004 in
434 961 549 1005 modo
582 976 670 1019 quo
703 962 909 1019 cognosci
943 974 1153 1019 possunt:
1192 961 1352 1005 scilicet
1382 961 1584 1005 veritates
1614 974 1687 1004 su·

261 1033 583 1092 perrationales‚
617 1049 741 1077 secus
775 1049 821 1077 ac
855 1033 1099 1088 rationales,
1132 1048 1220 1078 non
1253 1046 1437 1093 possunt
1476 1049 1501 1077 a
1538 1046 1690 1078 nostro

260 1104 477 1149 intellectu
502 1106 748 1150 naturaliter
765 1105 922 1164 detegi,
944 1105 1020 1150 sed
1043 1105 1352 1150 tantummodo
1374 1105 1508 1164 accipi
1524 1117 1692 1164 queunt

260 1193 337 1236 per
369 1177 559 1221 divinam
594 1177 917 1235 revelationem,
949 1191 990 1221 et
1022 1179 1057 1221 si
1092 1178 1350 1235 revelentur,
1381 1191 1470 1221 non
1505 1188 1691 1236 possunt

261 1249 311 1293 ab
343 1249 560 1294 intellectu
594 1249 841 1294 naturaliter
872 1251 1044 1308 attingi,
1069 1251 1149 1293 nisi
1185 1249 1291 1294 ideis
1322 1249 1570 1308 analogicis.

381 1322 434 1366 II.
469 1323 556 1366 Ens
589 1338 720 1366 omne
753 1337 816 1366 est
848 1322 898 1366 ab
926 1323 1117 1366 humano
1141 1322 1357 1366 intellectu
1380 1319 1691 1381 cognoscibile.

261 1393 348 1438 Sed
380 1394 555 1452 quaevis
587 1395 757 1449 veritas,
790 1397 917 1438 etiarn
951 1394 1316 1454 superrationalis,
1349 1407 1415 1438 est
1446 1408 1536 1439 ens.
1570 1392 1690 1451 Ergo

260 1466 435 1524 quaevis
466 1466 639 1524 veritas,
655 1468 781 1510 etiam
816 1467 1184 1525 superrationalis,
1217 1479 1283 1511 est
1314 1465 1365 1510 ab
1397 1465 1590 1510 humano
1620 1465 1689 1508 in·-

258 1537 429 1581 tellectu
463 1538 783 1595 cognoscibilis,
818 1555 864 1583 ac
899 1538 1079 1597 proinde
1110 1554 1199 1583 non
1231 1551 1297 1582 est
1328 1538 1600 1598 mysterium.

380 1608 488 1652 Dise.
523 1610 621 1651 mai.
656 1609 742 1652 Ens
775 1625 906 1653 omne
940 1623 1003 1653 est
1051 1609 1101 1652 ab
1134 1609 1327 1653 humano
1360 1608 1577 1654 intellectu
1609 1622 1692 1652 co-

260 1678 513 1737 gnoscibile,
561 1692 704 1723 tamen
752 1681 868 1724 iuxta
915 1680 1099 1724 modum
1146 1693 1189 1724 et
1221 1679 1405 1739 gradum
1449 1679 1691 1725 naturalem

260 1751 563 1796 intellectionis
597 1752 808 1797 humanae
828 1769 952 1811 conc„
984 1755 1099 1798 iuxta
1131 1754 1314 1798 modurn
1343 1765 1386 1798 et
1406 1752 1592 1813 gradum
1614 1769 1689 1798 na-

260 1823 384 1868 turali
417 1825 686 1882 superiorem
720 1825 852 1879 subd„
885 1827 920 1869 si
953 1828 1151 1885 superius
1174 1825 1354 1870 addatur
1383 1825 1688 1871 adiumentum

259 1911 380 1950 conc„
413 1897 446 1939 si
480 1911 566 1940 non
600 1896 779 1940 addatur
812 1913 920 1955 wgo.
953 1923 1012 1931 —
1048 1898 1170 1943 Cone.
1206 1899 1303 1942 min.

380 1969 466 2012 Ens
500 1968 705 2014 dividitur
735 1971 777 2014 in
810 1968 982 2014 finitum
1017 1984 1059 2014 et
1091 1970 1323 2014 infinitum.
1356 1971 1557 2016 Iamv‘ero
1596 1984 1688 2015 non

261 2040 397 2085 modo
430 2056 506 2084 ens
528 2039 717 2099 finitum,
740 2043 816 2086 sed
838 2044 969 2086 etiam
994 2059 1070 2087 ens
1093 2041 1311 2087 infinitum
1334 2054 1403 2087 est
1421 2041 1473 2087 ab
1493 2041 1688 2087 humano

262 2112 480 2156 intellectu
516 2113 813 2171 cognoscibile
844 2127 886 2158 et
920 2130 1067 2174 reapse
1099 2114 1149 2159 ab
1171 2116 1291 2160 eoin
1320 2116 1534 2175 praesenti
1555 2115 1687 2160 etiam
1733 2162 1737 2170 ⁴

261 2198 373 2228 statu
398 2187 691 2243 cognoscitur.
716 2187 1010 2244 Cognoscitur
1031 2200 1176 2232 autem
1198 2203 1250 2232 ex
1269 2189 1471 2232 creaturis
1491 2187 1687 2232 matm‘a-
1734 2231 1737 2234 ,

262 2255 393 2300 libus:
422 2256 490 2300 hic
513 2270 577 2300 est
600 2258 641 2300 in
676 2259 887 2316 praesenti
921 2271 1033 2302 statu
1057 2257 1259 2303 naturalis
1282 2258 1442 2304 modus
1465 2270 1512 2303 et
1528 2256 1690 2325 gradus
1733 2259 1737 2264 “

260 2327 560 2372 intellectionis
596 2328 807 2374 humanae
840 2331 951 2374 circa
995 2330 1152 2375 Deum.
1186 2329 1275 2376 Sed
1306 2342 1536 2388 creaturae,
1566 2344 1689 2389 prae·

260 2400 405 2443 sertim
440 2400 695 2456 materiales,
730 2417 818 2445 non
851 2415 1170 2461 repraesentant
1201 2416 1356 2447 ornnes
1379 2401 1549 2448 divinas
1580 2416 1687 2462 per·-

1711 2318 1737 2473 Ξ

260 2469 484 2527 sectiones,
517 2487 594 2516 nec
626 2472 732 2531 illas,
763 2488 869 2532 quas
901 2471 1105 2529 referunt,
1145 2489 1195 2518 ea
1235 2473 1501 2542 perfectione
1540 2473 1689 2533 expri-
1723 2477 1737 2537 ξ

261 2555 401 2599 munt,
423 2557 505 2601 qua
538 2557 639 2587 sunt
670 2546 715 2587 in
746 2545 857 2590 Deo:
891 2545 1106 2604 siquidem
1145 2563 1167 2588 κ
1195 2558 1299 2590 sunt
1328 2536 1505 2591 effectus
1534 2559 1690 2590 causae
1723 2551 1737 2598 ξ

257 2614 464 2658 virtutem
495 2630 583 2659 non
616 2629 905 2675 aequantes.»
930 2617 1047 2662 Cum
1070 2633 1160 2662 non
1191 2627 1512 2677 repraesentent
1529 2630 1691 2663 omnes
1718 2601 1737 2678 ᾗ

1480 2771 1584 2802 *eur-
1601 2768 1636 2802 .ss
1651 2676 1737 2802 its
