1737 2802
0 0 180 78 &fes-*11

19 46 22 50 .
54 39 67 48 ι-

83 215 206 259 enim
242 213 295 257 de
327 211 490 255 iuribus
525 210 760 255 alienandis
794 224 834 254 et
863 207 1196 268 obligationibus
1229 208 1273 250 in
1306 222 1351 250 se
1384 207 1517 249 susci·

82 284 270 344 piendis.

205 356 278 399 III.
315 354 542 411 Obligatio
563 371 613 397 ex
634 367 862 397 contractu
889 366 982 396 orta
999 364 1141 411 potest
1164 349 1357 409 pluribus
1376 347 1520 392 modis

81 426 281 472 deficere.
313 427 373 469 Ut
406 425 487 468 hos
523 425 680 469 modos
715 425 902 468 breviter
934 439 979 467 ac
1012 422 1195 480 generali
1229 421 1413 478 quadam
1447 436 1516 463 ra-

83 500 204 541 tione
238 498 484 550 innuamus,
521 510 766 540 contractus
795 508 934 554 potest
968 494 1148 538 deficere
1181 493 1248 537 vel
1270 493 1322 536 ab
1353 494 1516 536 extrin-

79 584 166 613 seco
200 567 266 612 vel
301 568 351 611 ab
385 569 609 611 intrinseco.-
634 574 691 599 —'
715 567 763 609 ab
804 568 1065 623 extrinseco,
1088 567 1127 608 vi
1153 565 1375 622 potestatis
1399 579 1517 607 com-

87 641 287 698 petentis,
315 656 422 697 quae
458 653 726 682 contractum
753 640 921 682 irritum
958 636 1236 682 faciae—ab
1270 637 1516 691 intrinseco,

82 713 142 757 ob
177 711 392 756 defectum
427 728 502 755 seu
539 713 824 755 mutationem
851 728 901 754 ex
926 724 1042 769 parte
1075 711 1163 753 sive
1197 710 1397 752 materiae
1431 708 1518 750 sive

87 784 452 839 contrahentium,
489 797 531 826 ut
565 784 598 825 si
635 785 814 826 materia
849 782 996 825 evadat
1031 782 1207 839 physice
1240 777 1520 836 impossibilis

83 869 159 899 aut
192 855 434 910 inhonesta,
469 854 532 897 vel
569 868 760 898 mutetur
793 867 929 897 status
959 871 993 898 e.
1020 870 1061 911 g.
1086 853 1307 896 donatoris
1331 864 1401 894 aut
1423 864 1519 908 pro-

84 928 289 971 mfssoris
322 928 406 981 (Ii,
443 927 514 984 qui
548 926 619 969 fiat
653 942 674 968 e
709 926 837 969 divite
873 941 1045 983 pauper.

209 999 278 1053 87.
314 999 567 1041 Senomox.
604 998 862 1041 Contractus
888 997 979 1039 initi
1015 1011 1067 1039 ex
1090 1011 1223 1039 errore
1246 1008 1316 1038 aut
1341 1011 1392 1037 ex
1416 1002 1521 1036 metu

83 1081 191 1112 sunt
224 1067 352 1111 validi
388 1069 550 1110 necne?
586 1068 702 1110 Haec
727 1068 855 1110 etiam
892 1068 1086 1125 quaestio
1110 1066 1233 1108 nobis
1267 1078 1330 1108 est
1353 1076 1520 1122 pertra-

86 1138 259 1191 ctanda,
294 1138 429 1181 modo
464 1152 607 1181 tamen
643 1138 843 1195 generali,
879 1154 967 1180 non
1002 1135 1302 1180 descendendo
1335 1135 1386 1179 ad
1429 1137 1522 1178 sin-

84 1211 216 1268 gulos
252 1222 496 1253 contractus
540 1211 582 1252 in
631 1212 786 1267 specie:
823 1210 1079 1252 nominatim
1130 1207 1468 1265 praescindimus
1503 1221 1524 1249 a

83 1293 307 1324 *centractu
343 1280 665 1336 matrimoniali,
698 1282 770 1337 qui
810 1280 929 1337 plura
964 1279 1088 1322 habet
1120 1278 1197 1321 sibi
1233 1279 1418 1336 propria.

208 1352 240 1395 I.
275 1351 412 1405 Quod
445 1364 605 1409 spectat
639 1351 689 1395 ad
712 1367 886 1395 errorem
915 1351 1118 1409 1K2)‚haec
1142 1349 1445 1394 animadverte.
1464 1375 1518 1381 —

93 1424 167 1469 1⁰.)
201 1423 333 1466 Error
366 1435 558 1465 versatur
590 1422 655 1465 vel
689 1424 796 1466 circa
846 1435 1088 1465 contractus
1137 1420 1442 1474 substmtialia,
1476 1432 1525 1463 ut

83 1496 126 1539 *si
162 1511 198 1539 e.
232 1509 273 1551 g.
307 1495 468 1537 vitrum
502 1509 581 1551 pro
615 1509 788 1551 gemma
822 1509 938 1536 emas
971 1505 1041 1536 aut
1075 1508 1259 1550 cuprum
1294 1508 1371 1550 pro
1406 1507 1526 1547 auro,

91 1565 159 1610 vel
203 1567 313 1609 circa
360 1579 602 1609 contractus
650 1566 931 1621 accidentalia,
965 1577 1009 1607 ut
1044 1565 1077 1606 si
1111 1579 1147 1606 e.
1181 1579 1220 1620 g.
1255 1562 1376 1606 illum
1426 1577 1522 1604 cum

82 1653 180 1696 «qua
216 1650 485 1680 contractum
529 1636 790 1680 venditionis
826 1637 907 1678 inis
942 1636 1159 1678 existimes
1203 1649 1380 1677 erronee
1431 1649 1526 1676 esse

94 1725 328 1768 pauperem
363 1721 435 1751 aut
468 1723 592 1751 tuum
635 1724 728 1751 esse
779 1708 1165 1763 consanguineum.
1199 1731 1255 1739 —
1291 1706 1364 1762 2⁰.)
1397 1706 1528 1748 Error

92 1782 160 1825 vel
197 1782 334 1825 oritur
380 1798 429 1823 ex
469 1780 625 1837 frande
658 1795 730 1822 seu
768 1779 869 1821 dolo
919 1778 1093 1821 alterius
1137 1777 1428 1820 contrahentis
1460 1775 1527 1818 vei

91 1868 197 1897 non.
231 1879 288 1885 —-
324 1852 406 1910 3⁰.)
440 1853 572 1895 Error
606 1850 671 1894 vel
705 1864 766 1893 est
799 1849 1028 1893 antecedens
1076 1864 1151 1892 seu
1200 1848 1304 1892 dans
1353 1863 1524 1891 causam

92 1925 348 1980 contractui,
382 1924 447 1967 vel
479 1924 752 1968 concomitans
788 1937 860 1965 seu
896 1936 981 1964 non
1007 1921 1110 1964 dans
1144 1936 1314 1964 causam
1349 1933 1525 1963 contra-

193 2161 247 2209 (1)
275 2162 310 2198 S.
335 2161 514 2203 Thomas,
544 2171 572 2196 1.
601 2171 632 2195 2.
661 2173 692 2200 Q·
727 2170 798 2194 110.
825 2170 843 2192 a
888 2169 916 2202 3.
944 2157 986 2191 ad
1018 2163 1082 2200 5¹¹¹„
1111 2156 1199 2191 haec
1225 2157 1343 2192 habet:
1370 2169 1392 2190 ‹<
1405 2157 1456 2192 Ut
1474 2157 1533 2191 Se-

95 2232 189 2256 neca
216 2220 312 2262 dicit,
339 2221 375 2254 in
403 2219 425 2256 l.
451 2231 484 2262 4.
513 2219 556 2253 de
584 2218 698 2253 benef.
728 2230 756 2254 c.
787 2227 839 2262 34.
869 2226 902 2251 et
933 2225 999 2261 35„
1028 2216 1071 2250 ad
1098 2216 1167 2250 hoc
1203 2215 1300 2262 quod
1338 2216 1452 2250 homo
1479 2225 1527 2251 te·

100 2289 228 2315 neatur
253 2278 370 2314 facere
396 2279 492 2326 quod
521 2279 700 2325 promisit,
728 2278 919 2323 requiritur
947 2275 1041 2321 quod
1069 2275 1193 2310 omnia
1221 2275 1410 2310 immutata
1449 2286 1532 2322 per·

100 2349 284 2376 maneant:
312 2339 473 2386 alioquin
501 2349 567 2373 nec
595 2337 660 2372 fuit
688 2338 843 2371 mendax
883 2335 919 2369 in
961 2335 1219 2381 promittendo,
1247 2335 1329 2382 quia
1367 2335 1535 2380 promisit

88 2400 194 2448 -quod
232 2400 390 2434 habebat
426 2398 461 2432 in
504 2407 637 2437 mente,
677 2396 941 2430 subintellectis
983 2394 1117 2429 debitis
1159 2393 1438 2431 conditionibus
1465 2403 1531 2427 nec

94 2460 208 2494 etiarn
235 2468 288 2493 est
314 2457 468 2492 infidelis
496 2468 568 2490 non
597 2455 784 2501 ἱῐηρῐεηὶ)
813 2454 908 2501 qlod
937 2453 1115 2499 promisit,
1142 2454 1223 2500 quia
1252 2453 1398 2487 eaedem
1441 2444 1533 2487 con-

96 2517 258 2553 ditiones
284 2528 358 2551 non
389 2526 540 2551 exsta-it.

193 2576 250 2622 (2)
276 2576 348 2611 Cfr.
376 2588 416 2611 ea
443 2586 534 2621 quae
560 2574 605 2608 de
632 2585 752 2609 errore
780 2572 936 2607 diximus
961 2583 1077 2618 super.
1106 2571 1178 2606 vol.
1212 2582 1238 2606 x.
1264 2571 1355 2607 thes.
1378 2573 1457 2607 XV.
