1737 2802
792 182 1059 228 2:234..

332 269 560 314 Difficilior
595 282 658 313 est
691 268 769 312 alia
802 270 1011 327 quaestio:
1044 281 1190 312 utrum
1224 283 1322 312 reus
1355 281 1496 313 morte
1528 267 1645 312 mul—

215 356 348 386 ctatus
383 342 570 401 (saltem,
608 343 722 399 inste)
756 342 892 399 possit
941 341 1031 399 ipse
1078 340 1155 384 sibi
1199 356 1384 400 poenam
1430 339 1645 399 applicare*

213 431 344 473 seque
375 415 649 458 interimere?
685 440 735 445 —-
773 413 915 469 Certe,
950 425 995 456 ut
1044 414 1128 456 iam
1171 412 1360 456 diximus
1403 426 1444 456 et
1493 424 1637 472 aperte

214 499 395 540 constat,
431 502 518 530 non
553 498 695 544 potest
729 485 771 528 id
805 484 943 528 facere
977 485 1153 543 proprio
1186 484 1362 529 arbitrio
1395 497 1436 529 et
1481 497 1636 529 aucto-

212 561 348 603 ritate.
383 559 565 603 Constat
598 558 724 601 etiam
755 557 941 600 iudicem
976 572 1050 600 seu
1087 556 1326 615 principem
1358 572 1447 600 non
1480 555 1638 600 habere

214 644 475 691 potestatem
509 630 714 688 obligandi
747 629 1082 683 malefactorem,
1113 641 1159 672 ut
1191 629 1374 686 ipsemet
1406 628 1486 672 sibi
1520 644 1639 673 mor·

210 716 298 747 tem
334 701 483 746 inferat
519 701 596 760 (Ι).
633 701 715 745 Sed
763 702 958 759 quamvis
1008 715 1096 743 non
1140 698 1287 743 debeat
1320 715 1394 743 seu
1442 715 1531 743 non
1579 700 1636 744 sit

211 774 438 832 obligatus,
472 786 668 832 potestne
701 788 798 816 reus
833 789 882 816 ex
916 773 1167 816 auctoritate
1207 771 1360 816 iudicis
1393 772 1429 816 ei
1481 786 1645 815 conce·-

213 847 352 891 dentis
387 862 461 889 seu
497 846 808 888 committentis
842 846 1168 889 exsecutionem
1204 860 1366 904 poenae
1400 843 1477 888 sibi
1504 844 1637 888 vitam

212 918 422 962 adimere?
457 936 476 958 «
494 917 708 974 Negativa
731 918 957 972 sententia,
982 930 1027 960 ut
1052 916 1159 961 bene
1184 918 1321 975 inquit
1343 917 1534 960 Becanus
1557 914 1647 974 (2),

209 988 394 1033 tenenda
429 1002 504 1033 est.
539 990 704 1042 Primo,
749 989 848 1046 quia
897 1001 960 1032 est
1010 989 1258 1032 communis
1291 987 1377 1048 (3),
1409 1003 1432 1031 a
1481 1002 1564 1046 qua
1595 986 1638 1029 in

210 1061 337 1105 rebus
373 1062 570 1119 practicis
605 1077 690 1104 non
729 1073 790 1104 est
824 1059 944 1104 facile
978 1060 1282 1104 recedendum.
1315 1059 1508 1116 Secundo,
1541 1058 1642 1117 quia

213 1136 324 1177 sicut
356 1150 487 1176 nemo
521 1133 706 1177 idoneus
754 1145 817 1176 est
851 1146 1077 1177 exsecutor
1122 1133 1355 1177 sententiae
1393 1132 1547 1176 mortis
1593 1130 1638 1174 in

211 1219 449 1265 parentem,
486 1206 643 1263 partim
678 1205 732 1248 ob
767 1206 1047 1248 reverentiam
1082 1205 1142 1249 illi
1177 1204 1378 1258 debitam,
1402 1204 1557 1262 partim
1581 1200 1638 1246 ob

208 1278 447 1322 naturalem
499 1278 864 1322 coniunctionem:
899 1278 954 1321 ita
997 1277 1135 1321 multo
1168 1278 1312 1320 minus
1352 1277 1395 1319 in
1428 1276 1639 1334 seipsum.

209 1351 284 1394 Est
318 1352 433 1394 enim
468 1350 579 1394 actio
614 1349 771 1393 directe
819 1365 1015 1407 pugnans
1051 1365 1146 1392 cum
1183 1348 1456 1392 inclinatione
1505 1361 1633 1390 com-

208 1423 330 1466 muni
364 1434 550 1465 naturae:
576 1420 690 1464 nulla
726 1421 840 1464 enim
876 1436 940 1464 res
965 1422 1149 1479 seipsam
1178 1419 1267 1465 ullo
1301 1436 1398 1464 casu
1422 1420 1639 1479 perimere

208 1494 402 1538 intendit.
454 1495 516 1537 Ex
558 1509 646 1552 quo
698 1491 979 1536 fundamento
1027 1491 1231 1536 solvenda
1279 1505 1379 1536 sunt
1427 1490 1639 1536 contraria

298 1752 355 1796 (1)
382 1750 438 1786 Cf.
468 1751 643 1798 VasqueZ,
672 1753 706 1786 in
733 1764 762 1787 a.
791 1762 822 1787 2.
848 1764 874 1788 s.
902 1752 1070 1788 Thomae
1098 1753 1190 1798 disp.
1217 1761 1294 1798 173.
1323 1764 1401 1799 cap.
1430 1763 1461 1798 3.

296 1811 352 1857 (2)
380 1812 435 1846 De
462 1811 536 1846 iure
563 1821 597 1847 et
626 1812 704 1847 iust.
734 1824 810 1858 cap.
841 1813 968 1848 LXIV.
995 1822 1132 1859 quaest.
1160 1814 1222 1849 XI.
1250 1824 1348 1849 num.
1375 1823 1405 1856 4.
1433 1832 1476 1838 -
1505 1811 1560 1848 Cf.
1587 1812 1638 1848 de

203 1874 319 1919 Lugo‚
347 1885 404 1919 op.
434 1882 466 1907 et
496 1872 517 1908 l.
540 1874 599 1908 cit.
619 1885 715 1907 num.
753 1884 802 1908 11.
822 1884 931 1920 seqq:
958 1874 1132 1920 VasqueZ,
1152 1886 1210 1920 op.
1231 1883 1265 1910 et
1291 1874 1380 1921 disp.
1407 1873 1467 1908 cit.
1487 1883 1563 1919 cap.
1581 1882 1634 1915 4:

208 1933 364 1976 Lessius,
396 1933 439 1967 de
467 1934 545 1968 iust.
574 1943 607 1968 et
633 1934 708 1968 iure
734 1933 791 1968 lib.
820 1934 862 1968 ΙΙ.
891 1945 968 1980 cap.
996 1944 1027 1980 9.
1056 1946 1154 1969 num.
1183 1943 1238 1977 25.
1556 1921 1566 1928 ⁶

300 1993 357 2038 (3)
385 1993 509 2040 Aliqui
535 2003 712 2036 auctores,
741 2005 832 2040 quos
859 1994 953 2029 citati
993 1994 1162 2029 doctores
1203 2002 1401 2036 recensent,
1427 1993 1631 2028 sententiae

203 2050 399 2087 affirmanti
428 2053 637 2097 adhaerent,
659 2057 787 2088 saltem
815 2064 852 2089 ut
879 2054 1054 2100 probabili
1083 2065 1149 2100 pro
1176 2053 1352 2100 aliquibus
1378 2054 1531 2089 casibus.
1550 2053 1635 2100 Ipse

200 2112 377 2159 Vasquez,
408 2113 430 2148 l.
458 2113 515 2147 cit.
543 2124 642 2149 num.
671 2124 738 2157 25„
770 2113 986 2156 «adderem,
1015 2114 1144 2160 inquit,
1174 2124 1281 2160 posse
1307 2113 1465 2160 aliquem
1493 2113 1632 2159 eli-gere

200 2183 357 2217 poenam
388 2173 516 2207 mortis
543 2173 788 2207 abscindendo
815 2173 883 2207 sibi
909 2185 1052 2213 venam.
1080 2182 1118 2208 ut
1153 2173 1288 2208 emisso
1327 2173 1505 2219 sanguine
1542 2185 1628 2208 mo·

201 2230 319 2273 riatur,
349 2240 406 2265 aut
436 2233 543 2267 etiam
566 2231 720 2267 bibendo
747 2244 943 2274 venenum,
966 2233 992 2266 si
1020 2232 1086 2267 hac
1105 2234 1245 2268 ratione
1273 2233 1498 2268 acerbiorem
1517 2233 1628 2268 aliam

202 2298 359 2324 mortem
387 2291 485 2326 vitet:
513 2291 563 2325 sic
593 2291 687 2326 enim
717 2303 834 2337 poena
861 2291 948 2326 haec
985 2293 1074 2327 nihil
1114 2293 1254 2327 videtur
1289 2292 1422 2327 habere
1459 2292 1631 2327 inhuma-

197 2360 297 2384 num.
326 2351 405 2384 Hoc
434 2361 555 2386 tamen
596 2351 837 2397 intelligerem
866 2353 894 2386 si
921 2352 1023 2398 optio
1063 2352 1113 2387 illi
1154 2352 1256 2388 detur
1281 2364 1300 2387 a
1326 2353 1486 2399 principe
1524 2353 1579 2388 vel
1606 2363 1627 2387 a

200 2408 366 2455 legitimo
395 2410 521 2453 iudice,
552 2411 610 2458 qui
638 2420 852 2457 potestatem
879 2411 987 2447 habet
1015 2412 1201 2459 puniendi,
1230 2423 1303 2448 non
1331 2421 1452 2448 autem
1480 2414 1509 2447 si
1534 2424 1553 2447 a
1571 2421 1632 2459 ty·

197 2479 311 2503 ranno
339 2469 450 2504 detur:
477 2470 535 2503 hic
564 2471 662 2505 enim
692 2483 773 2505 cum
801 2483 874 2506 non
901 2471 1029 2507 habeat
1057 2472 1169 2507 talem
1198 2481 1427 2519 potestatem,
1454 2484 1528 2508 non
1559 2483 1632 2519 po·

199 2536 269 2562 test
297 2539 358 2562 reo
387 2527 594 2564 facultatem
623 2531 824 2566 concedere
851 2532 886 2565 in
915 2532 1090 2578 seipsum.
1111 2532 1160 2566 Ea
1186 2534 1312 2575 etiarn,
1341 2543 1431 2578 quae
1457 2531 1627 2576 diximus,

197 2586 432 2633 intelligenda
457 2597 539 2623 sunt
564 2588 607 2622 de
635 2601 692 2632 eo,
722 2591 778 2636 qui
806 2590 897 2626 iuste
926 2601 960 2627 et
987 2591 1064 2626 sine
1092 2590 1182 2626 falsa
1212 2591 1507 2638 praesumptione
1525 2591 1628 2627 darn-

197 2654 303 2680 natur
329 2647 373 2680 ad
403 2657 610 2682 mortem.»
