1737 2802
672 158 730 167 -·
763 146 852 190 ’329
890 142 975 166 -·’

615 424 789 467 ’ΤΗΕειε
824 424 994 468 XXXI.

95 552 206 596 Cum
238 554 329 612 quis
359 563 509 597 certam
544 556 602 598 rei
633 555 808 598 alicuius
834 556 1128 613 proprietatem
1162 554 1336 611 legitimo
1382 555 1524 612 aliquo

203 624 318 682 facto
352 625 427 668 sihi
458 627 693 685 acquisivit,
728 626 790 669 lex
825 627 1032 670 naturalis
1059 627 1324 684 praecipuum
1356 627 1400 668 in
1434 641 1526 669 mo-

214 695 312 738 dum
347 705 467 751 vetat,
502 713 548 739 nc
581 698 671 749 alii,
698 700 783 741 sive
814 706 951 755 aperte
983 698 1067 740 sive
1101 697 1263 748 occulte,
1292 712 1374 740 rem
1408 697 1526 740 illam

213 767 394 809 alienam
426 769 558 810 invito
593 768 894 811 rationabilzter
916 768 1077 811 domino
1100 769 1313 826 auferant,
1336 783 1406 810 seu
1439 776 1527 810 tum

213 840 411 896 rapinam
437 839 618 897 prohibet
653 850 740 882 tum
764 840 944 897 furtum.

217 972 285 1026 96.
320 970 641 1014 DECLARATIO.
679 972 839 1028 Restat,
862 984 908 1013 ut
934 971 984 1014 de
1010 972 1174 1014 iniuriis
1207 982 1357 1014 contra
1387 969 1532 1013 domi-

93 1042 219 1083 nium
269 1043 541 1099 proprietatis
592 1042 798 1085 dicamus.
849 1044 971 1086 Hanc
1020 1043 1319 1100 quaestionem
1355 1041 1531 1084 breviter

98 1111 389 1157 ab-‚olvemus:
439 1114 675 1171 pleniorem
731 1115 847 1157 enim
902 1114 1096 1158 eiusdem
1151 1113 1527 1172 pertractationem

102 1185 366 1228 remittimus
401 1185 452 1228 ad
487 1185 781 1243 Theologiam
817 1185 1044 1242 moralem,
1078 1187 1145 1228 cui
1178 1185 1398 1228 auditores
1445 1198 1530 1226 no-

99 1257 192 1312 stri,
226 1255 535 1314 Philosophiae
569 1256 783 1300 curriculo
817 1256 1032 1313 absoluto,
1066 1257 1208 1299 statim
1244 1271 1418 1313 operam
1454 1255 1533 1298 da-

99 1327 221 1370 bunt

221 1399 254 1442 I.
288 1397 392 1442 Duo
425 1411 525 1441 sunt
558 1400 774 1457 praecipui
811 1398 945 1455 modi,
970 1398 1123 1456 quibus
1157 1399 1225 1442 ius
1257 1397 1537 1456 proprietatis

104 1468 298 1512 laeditur.

226 1545 269 1586 a)
302 1541 427 1584 Prior
450 1540 608 1584 modus
643 1554 720 1595 est,
745 1557 837 1584 rem
880 1540 1060 1584 alienam
1100 1539 1332 1584 auferendo
1366 1537 1534 1583 occulte.

107 1613 204 1656 Hoc
236 1611 391 1655 dicitur
423 1614 596 1670 proprie
622 1613 792 1671 furtum
816 1612 902 1671 (1),
926 1612 1044 1670 quod
1078 1611 1257 1670 proinde
1280 1611 1391 1655 solet
1415 1611 1536 1654 hisce
1578 1604 1581 1608 ¹

102 1682 245 1727 verbis
264 1682 442 1726 definiri:
463 1682 625 1727 furtum
661 1696 725 1727 est
758 1683 925 1727 occulta
957 1684 1148 1742 acceptio
1172 1684 1233 1726 rei
1256 1682 1431 1738 alienae,
1449 1681 1534 1725 do-

106 1756 230 1798 mino
261 1756 398 1798 invito
430 1755 745 1799 rationabiliter.
781 1757 1008 1799 Postrema
1056 1755 1157 1798 haec
1203 1754 1331 1798 verba
1378 1753 1537 1797 merito

106 1827 615 1884 adduntur.—Dicitur,
640 1827 801 1871 domino
834 1827 976 1870 invito.
1012 1827 1058 1871 Si
1092 1827 1208 1869 enim
1243 1825 1451 1869 dominus
1475 1825 1536 1868 rei

110 1897 286 1940 alicuius
321 1899 575 1953 consentiat,
599 1911 644 1941 ut
667 1897 770 1941 alter
805 1913 893 1941 rem
929 1898 1122 1955 accipiat,
1154 1897 1238 1940 iam
1263 1897 1323 1940 rei
1346 1895 1538 1953 acceptio

109 1984 200 2012 non
246 1981 310 2012 est
356 1969 523 2012 iniuria:
574 1968 808 2026 siquidem,
856 1982 901 2011 ut
949 1969 1031 2012 alio
1080 1967 1178 2011 loco
1228 1967 1417 2011 diximus
1450 1965 1540 2025 (2),

107 2041 249 2084 scienti
279 2049 315 2084 et
348 2041 501 2083 volenti
531 2056 611 2083 non
637 2040 691 2099 fit
726 2041 893 2083 iniuria.
930 2065 986 2073 —
1018 2040 1206 2096 Dicitur,
1239 2038 1422 2082 domino
1466 2039 1537 2081 in—

110 2112 204 2154 vito
236 2111 550 2155 rationabiliter.
586 2112 629 2155 Si
665 2112 779 2155 enim
813 2111 879 2154 ius
928 2109 1218 2169 proprietatis,
1251 2108 1370 2167 quod
1419 2107 1545 2151 alicui

109 2182 323 2239 competit
355 2182 399 2224 in
433 2196 525 2225 rem
559 2181 762 2240 aliquam,
787 2183 927 2224 veniat
961 2181 1004 2224 in
1029 2180 1302 2224 collisionem
1335 2193 1436 2222 cum
1461 2178 1545 2222 alio

116 2254 226 2306 iure,
260 2265 301 2296 et
333 2253 510 2312 quidem
544 2253 602 2296 ita
636 2265 682 2296 ut
714 2254 756 2296 in
790 2252 863 2296 tali
898 2251 1099 2295 conflictu
1134 2266 1223 2295 non
1259 2262 1402 2294 servet
1448 2261 1546 2293 actu

214 2472 271 2519 (1)
294 2474 350 2509 De
370 2471 470 2518 furto
497 2474 567 2508 iam
594 2472 754 2508 diximus
778 2471 909 2519 aliqua,
938 2471 1011 2506 vol.
1038 2471 1063 2506 I.
1095 2470 1184 2506 thes.
1209 2470 1380 2508 XXXVI.
1409 2481 1442 2516 p.
1472 2471 1550 2513 308.

213 2533 265 2577 (2)
289 2533 384 2568 Vide
410 2543 515 2578 supra
551 2531 641 2567 thes.
671 2531 715 2567 11.
742 2542 822 2577 pag.
850 2541 908 2574 4¹-
946 2530 999 2564 Ibi
1027 2529 1100 2565 duo
1138 2529 1476 2571 animadvertimus,
1502 2527 1550 2562 ad

111 2601 259 2627 :rectam
285 2592 384 2627 effati
409 2592 517 2627 huius
541 2591 830 2626 intellectionem
859 2589 1074 2624 necessaria.
