1737 2802
94 196 165 240 illo
199 197 267 253 sit,
301 197 374 254 qui
408 195 525 239 factis
561 195 777 240 honorem
810 195 977 240 laedere
1011 209 1207 253 conatur,
1239 196 1403 240 nemini
1436 197 1517 238 im-

94 268 197 326 poni
230 280 372 325 potest
405 266 611 324 obligatio
647 269 811 325 passive
844 283 888 312 se
933 267 1131 322 habendi,
1168 267 1272 310 dum
1324 266 1427 310 alter
1475 268 1518 310 in

95 352 392 397 contemptum
427 350 618 396 conetur,
651 356 689 382 v.
724 356 763 396 g.
799 342 836 383 ei
868 339 1060 383 vellicare
1094 339 1279 393 barbam,
1315 353 1386 382 aut
1431 341 1517 382 im-

95 411 269 468 pingere
303 409 484 467 alapam,
519 421 591 452 aut
622 423 762 453 vestes
797 426 1081 469 conspurcare
1116 423 1212 455 etc.:
1257 410 1330 454 sed
1375 410 1519 454 licebit

95 481 132 524 ei
165 496 279 534 sane,
313 493 482 524 servato
517 481 810 525 moderamine
846 482 1080 540 inculpatae
1114 481 1282 539 tutelae,
1315 483 1518 525 iniuriam

95 550 360 608 propulsare3
394 563 435 594 et
467 552 499 593 si
535 551 711 609 quidem
747 554 941 610 pervicax
975 567 1202 610 aggressor
1237 552 1287 595 ad
1337 553 1518 609 praesti-

95 635 232 665 tutam
282 622 481 665 iniuriam
531 621 794 666 inferendam
846 626 932 666 vim
981 623 1191 680 adhibeat,
1226 639 1272 666 ac
1321 623 1519 681 repulsus

97 694 226 736 etiam
261 707 377 735 arma
409 694 597 750 arripiat,
633 706 672 736 et
705 695 832 737 armis
867 710 982 738 arma
1015 710 1248 752 opponere.

218 763 412 816 Quaeres
449 763 528 821 5⁰.)
561 780 611 807 an
663 764 781 808 liceat
830 764 1056 808 defendere
1089 765 1339 822 proximum
1387 765 1521 807 inno-

99 847 269 878 centem
303 851 401 877 cum
437 836 655 878 occisione
688 838 985 893 aggressuris?
1022 863 1072 868 ——
1110 835 1369 893 Respondeo
1405 835 1522 878 affir-

98 907 271 963 mative,
307 907 346 949 in
383 907 503 949 omni
539 922 653 961 casu,
689 923 776 964 quo
810 907 905 950 licet
949 908 1230 966 semetipsum
1276 906 1520 960 defendere,

98 977 227 1035 idque
251 978 415 1020 ratione
449 978 646 1021 caritatis.
672 979 783 1022 Raro
814 991 954 1021 tamen
981 980 1167 1036 privatus
1201 977 1251 1020 ad
1276 977 1359 1021 hoc
1382 979 1518 1021 teneri

96 1047 279 1093 videtur.
329 1049 526 1093 Caritatis
575 1048 734 1092 scilicet
782 1062 1055 1106 praeceptum
1090 1063 1177 1092 non
1211 1048 1371 1106 obligat
1423 1065 1522 1092 cum

98 1121 212 1178 gravi
247 1119 544 1164 incommodo:
579 1121 621 1162 in
655 1121 872 1163 occisione
905 1133 1045 1163 autem
1081 1120 1251 1163 alterius
1295 1120 1368 1162 vix
1418 1135 1518 1162 um-

100 1207 228 1250 quam
262 1192 409 1234 evitari
444 1203 586 1248 potest
620 1206 826 1248 magnum
863 1191 1192 1234 incommodum
1227 1189 1279 1233 ob
1313 1191 1518 1234 timorem

100 1263 435 1319 inimicitiarum,
470 1262 658 1320 publicae
694 1263 876 1305 iustitiae
909 1276 988 1306 etc.
1023 1262 1106 1320 (1).

215 1335 377 1392 Itaque,
402 1347 448 1376 ut
482 1334 625 1390 paucis
648 1334 794 1376 omnia
819 1333 1171 1391 complectamur,
1196 1332 1396 1375 illicitum
1420 1348 1520 1375 sane

100 1418 163 1449 est
196 1406 356 1463 privata
379 1406 628 1447 auctoritate
663 1404 858 1448 occidere
882 1404 1018 1456 illum,
1044 1405 1115 1462 qui
1141 1420 1228 1447 non
1262 1404 1316 1446 sit
1339 1404 1524 1446 iniustus

101 1476 317 1519 bonorum
350 1488 602 1519 nostrorum
626 1491 866 1533 aggressor.
891 1476 981 1519 Nec
1006 1490 1177 1532 semper
1201 1473 1298 1518 licet
1332 1469 1525 1517 occidere

101 1548 311 1591 iniustum
344 1547 560 1591 bonorum
610 1562 926 1604 aggressorem,
962 1547 1035 1590 sed
1080 1545 1251 1604 quando
1299 1546 1439 1603 agitur
1472 1570 1529 1578 -

102 1619 153 1664 de
186 1620 277 1677 ipsa
309 1619 393 1662 vita
427 1643 482 1652 —
516 1617 566 1662 de
599 1617 724 1662 bonis
759 1618 809 1662 ad
845 1619 975 1661 vitam
1010 1618 1257 1661 necessariis
1281 1643 1338 1648 —-
1361 1616 1414 1660 de
1453 1615 1530 1660 bo-

101 1694 186 1745 nis,
222 1706 409 1750 quorum
445 1692 603 1734 iactura
636 1706 764 1748 grave
798 1689 964 1733 afferret
998 1689 1221 1741 damnum,
1254 1703 1329 1731 seu
1362 1688 1404 1730 in
1436 1703 1531 1744 gra-

100 1780 197 1807 vem
230 1763 529 1806 necessitatem
565 1762 797 1821 spoliatum
831 1761 1046 1818 deiiceret,
1080 1760 1207 1819 idque
1241 1769 1403 1804 servato
1424 1775 1524 1803 sem-

97 1843 170 1893 per
204 1834 475 1878 moderamine
510 1834 735 1892 inculpatae
768 1833 913 1876 tutelae
946 1832 1025 1891 (2).
1066 1833 1211 1875 Immo
1255 1831 1376 1888 illud,
1408 1830 1527 1889 quod

103 1918 166 1949 est
197 1905 379 1962 licitum,
411 1919 500 1948 non
548 1917 611 1948 est
658 1905 829 1963 proprie
877 1902 1097 1962 loquendo
1145 1904 1233 1960 ipsa
1282 1902 1420 1946 occisio
1459 1916 1532 1959 ag-

101 1979 295 2036 gressoris
328 1978 488 2032 iniusti,
523 1975 599 2019 sed
633 1975 804 2033 defensio
839 1975 1030 2032 suiipsius
1065 1975 1301 2029 innocentis,
1331 1973 1358 2016 i.
1387 1989 1426 2016 e.
1458 1987 1533 2015 sua

105 2049 214 2093 tueri
247 2047 373 2104 bona,
406 2062 513 2104 quae
545 2046 648 2090 alter
682 2046 839 2089 iniuste
874 2046 1057 2103 impetit.

201 2268 250 2313 (1)
277 2267 328 2301 Ita
355 2278 388 2313 p.
415 2265 526 2312 Gury,
553 2277 612 2312 op.
653 2274 686 2300 et
721 2264 743 2299 1.
783 2275 877 2298 nunc
918 2264 977 2299 cit.
1003 2274 1105 2298 num.
1138 2261 1215 2307 396.
1245 2282 1286 2288 —
1314 2261 1368 2297 Cf.
1408 2272 1533 2308 super.

106 2327 198 2363 thes.
228 2325 306 2360 VII.
335 2336 413 2371 pag.
443 2323 498 2369 87.

203 2383 255 2430 (2)
282 2382 338 2419 Cf.
366 2383 584 2429 Tongiorgi,
611 2382 690 2418 Eth.
718 2381 842 2428 partic.
871 2392 971 2416 num.
1000 2379 1075 2423 368,
1105 2400 1144 2406 -
1173 2380 1243 2415 Pro
1271 2380 1337 2414 hac
1365 2378 1458 2414 thesi
1485 2377 1535 2413 cf.

109 2446 217 2480 etiam
245 2455 272 2478 s.
301 2442 556 2490 Augustinum,
583 2442 625 2476 de
654 2443 714 2476 lib.
741 2443 814 2476 arb.
842 2441 862 2474 l.
889 2452 916 2476 1.
936 2452 1012 2486 cap.
1041 2438 1086 2482 6.,
1110 2441 1145 2474 in
1174 2451 1244 2487 quo
1273 2439 1316 2474 de
1345 2439 1532 2473 occisione

108 2503 268 2538 hominis
293 2502 366 2537 vim
402 2502 583 2536 afferentis
609 2502 693 2548 agit.
720 2501 769 2535 Ut
795 2510 914 2534 autem
958 2509 1054 2534 recte
1094 2508 1253 2534 mentem
1281 2511 1309 2534 s.
1340 2497 1535 2545 Augustini

110 2562 320 2609 assequaris,
344 2561 388 2596 cf.
417 2573 469 2604 ca,
495 2572 585 2608 quae
612 2572 639 2596 s.
667 2561 831 2595 Thomas
870 2559 978 2594 habet
1004 2558 1026 2594 l.
1053 2570 1150 2605 saep.
1177 2559 1234 2594 cit.

1427 2613 1466 2648 ¹7
