1737 2802
696 96 961 150 —346—

234 195 281 255 β)
314 196 345 238 Ii
373 195 500 237 etiam
525 194 566 236 in
592 208 738 236 errore
760 204 1000 247 versantur,
1024 192 1096 250 qui
1122 193 1402 248 contendunt,
1422 208 1559 236 men—-

115 269 283 312 dacium
319 265 493 324 quidem
546 280 632 308 non
682 280 776 307 esse
809 280 883 321 per
916 280 959 308 se
1008 264 1191 320 licitum,
1225 264 1351 308 licere
1399 277 1543 309 tamen

115 338 389 396 dispensante
414 337 524 380 Deo.
547 336 772 393 —Neque
797 337 909 378 enim
938 336 1212 379 mendacium
1248 336 1297 380 ad
1322 352 1416 380 eam
1440 352 1545 394 per-

113 411 220 454 tinet
254 410 432 452 classem
468 408 702 455 actionum.
726 423 834 465 quae
869 421 1038 466 peccata
1072 421 1172 451 sunt
1194 421 1372 466 propter
1405 408 1543 452 solam

115 480 455 540 prohibitionem
489 478 619 521 libere
654 478 807 521 factam
843 495 863 521 a
897 479 1007 532 Deo,
1038 478 1284 522 cuiusmodi
1318 478 1398 522 fuit
1429 480 1546 522 actio

116 551 371 595 comedendi
406 568 455 594 ex
493 550 613 608 ligno
653 551 854 593 scientiae
903 549 1003 593 boni
1038 563 1078 593 et
1128 550 1241 593 mali.
1276 551 1442 594 Verum
1492 550 1541 594 ad

114 624 239 666 aliam
274 623 387 665 illam
423 623 605 679 pertinet
640 621 819 665 classem
854 623 1091 677 actionum,
1128 636 1234 679 quae
1269 622 1413 679 primo
1448 622 1543 680 qui-

115 694 212 737 dem
247 709 300 737 ex
335 707 484 737 natura
517 709 592 735 sua
616 693 749 736 malae
783 706 898 750 sunt,
923 693 1021 736 dein
1057 709 1158 735 vero
1188 692 1321 736 malae
1355 691 1542 736 evadunt

113 782 163 808 ex
199 766 436 808 necessaria
483 766 563 808 Dei
615 777 788 808 naturae
837 766 1023 808 auctoris
1075 764 1383 822 prohibitione:
1433 779 1543 822 quae

113 836 295 895 proinde
337 850 436 880 sunt
484 850 654 894 peccata
702 836 918 894 duplicem
968 835 1299 894 quodammodo
1347 835 1544 879 habentia

114 900 531 966 malitiam,'alteram
568 909 794 951 radicalem
819 908 1120 952 antecedenter
1153 909 1203 951 ad
1228 909 1365 966 ipsam
1399 906 1540 964 legem

113 978 364 1036 naturalem,
398 980 574 1022 alteram
599 980 858 1037 completam
894 993 934 1023 et
962 979 1189 1023 formalem
1225 991 1542 1038 consequenter

112 1051 164 1094 ad
197 1051 458 1109 praedictam
491 1051 646 1109 legem.
682 1053 882 1095 Iamvero
917 1053 951 1094 si
986 1051 1037 1095 de
1071 1051 1309 1095 actionibus
1335 1051 1386 1095 ad
1420 1051 1546 1109 prio-

113 1139 204 1166 rem
228 1123 407 1166 classem
433 1123 759 1181 pertinentibus,
784 1140 892 1181 quae
926 1123 1057 1167 libere
1082 1140 1103 1166 a
1126 1124 1222 1167 Deo
1258 1122 1546 1182 prohibentur

113 1210 187 1253 per
219 1194 358 1252 legem
395 1196 640 1252 positivam,
674 1211 818 1239 sermo
852 1197 920 1250 sit,
953 1208 1096 1254 potest
1130 1197 1175 1239 in
1199 1197 1249 1239 iis
1282 1196 1426 1239 locum
1463 1195 1545 1238 ha-

111 1266 209 1310 bere
242 1266 506 1324 dispensatio
541 1266 696 1316 divina,
731 1283 814 1324 qua
848 1283 945 1311 sane
979 1269 1307 1325 interveniente,
1341 1267 1546 1311 desinunt

112 1352 206 1380 esse
240 1350 421 1395 peccata.
456 1339 512 1380 At
545 1339 578 1380 si
614 1337 665 1381 de
700 1338 789 1381 aliis
824 1339 1079 1396 actionibus,
1112 1355 1220 1397 quae
1253 1340 1495 1382 necessario
1521 1357 1542 1383 a

111 1409 206 1452 Deo
242 1408 527 1466 prohibentur
557 1409 788 1467 perlegem
822 1411 1079 1464 naturalem,
1117 1425 1280 1468 agatur,
1315 1411 1464 1469 nequit
1496 1413 1539 1454 in

111 1481 161 1522 iis
196 1479 351 1533 habere
384 1481 528 1524 locum
565 1481 827 1539 dispensatio
852 1483 934 1525 Dei
969 1483 1143 1540 propria
1177 1495 1217 1526 et
1256 1482 1463 1536 formalis,
1493 1494 1541 1525 ut

110 1553 205 1596 alibi
239 1553 546 1597 declaravimus
579 1554 667 1613 (1),
703 1555 778 1599 sed
811 1554 1093 1598 solummodo
1118 1556 1353 1613 impropria
1385 1567 1426 1598 et
1450 1569 1540 1595 ma-

112 1624 284 1668 terialis.

211 1847 260 1891 (1)
287 1847 380 1882 Vide
406 1859 519 1894 super.
539 1847 610 1882 vol.
633 1859 660 1883 1.
685 1847 817 1882 thesim
845 1848 1033 1890 XXXVI„
1063 1848 1106 1882 de
1133 1848 1427 1883 immutabilitate
1453 1847 1547 1893 legis

113 1906 294 1941 naturalis.
322 1927 368 1933 -—
394 1908 449 1941 Ad
478 1919 553 1942 rem
584 1908 724 1950 Suarez,
753 1907 822 1943 loc.
862 1919 977 1953 nuper
1005 1909 1062 1943 cit.
1101 1919 1202 1943 num.
1230 1908 1278 1943 8.:
1306 1918 1329 1942 «
1348 1909 1410 1951 Ea,
1451 1918 1542 1955 quae

111 1975 194 2000 sunt
222 1966 415 2001 intrinsece
443 1967 549 2010 mala,
576 1978 650 2001 non
678 1968 853 2013 recipiunt
882 1967 1189 2013 dispensationem
1217 1968 1325 2003 etiam
1368 1968 1546 2005 divinam.

115 2024 240 2071 Neque
269 2026 437 2071 exempla
466 2026 509 2061 de
534 2026 736 2061 homicidio
762 2027 820 2062 vel
849 2026 943 2062 furto
973 2030 1196 2063 contrarium
1224 2028 1386 2063 suadent:
1406 2028 1487 2075 quia
1507 2029 1546 2062 in

114 2083 184 2118 illis
211 2095 286 2118 non
313 2094 364 2119 est
390 2083 484 2120 facta
512 2085 737 2131 dispensatio
766 2086 801 2120 in
829 2087 973 2122 actione
1001 2099 1062 2133 per
1089 2099 1127 2122 se
1153 2088 1263 2132 mala,
1281 2087 1344 2123 sed
1371 2097 1426 2122 est
1451 2086 1546 2122 facta

114 2145 269 2178 mutatio
297 2144 332 2178 in
360 2145 519 2188 obiecto,
547 2157 611 2190 per
649 2157 757 2192 quam
784 2145 833 2188 fit,
862 2156 898 2181 ut
925 2147 1019 2181 actio
1059 2159 1134 2182 non
1175 2148 1219 2182 sit
1247 2147 1425 2182 eadem....
1458 2147 1547 2181 Non

114 2202 232 2248 potuit
258 2214 321 2248 per
347 2205 609 2240 revelationem
629 2205 718 2243 fieri.
740 2216 776 2241 ut
797 2206 920 2241 liceret
940 2208 1073 2241 Iacobo
1093 2207 1251 2242 mentiri:
1274 2207 1392 2253 potuit
1418 2215 1544 2241 tamen

113 2273 176 2308 per
203 2261 464 2297 revelationem
493 2263 580 2307 fieri,
609 2274 644 2299 ut
671 2265 888 2311 significatio
910 2267 1105 2301 verborum'
1133 2268 1207 2302 eius
1226 2279 1300 2302 non
1329 2277 1422 2303 esset
1441 2267 1548 2311 falsa,
1584 2298 1586 2301 .

115 2323 196 2367 quia
223 2334 286 2368 per
311 2323 570 2359 revelationem
600 2327 776 2371 cognovit
805 2338 843 2360 se
868 2338 945 2361 esse
973 2318 1263 2373 primogenitum
1292 2329 1327 2362 in
1360 2340 1397 2363 re
1424 2337 1459 2364 et
1485 2340 1547 2364 or-

115 2381 301 2416 dinatione
327 2380 458 2416 divina.
487 2384 545 2417 Sic
572 2395 659 2428 ergo
697 2396 758 2430 per
795 2385 1059 2421 revelationem
1084 2386 1160 2420 fieri
1200 2388 1328 2432 potuit,
1355 2397 1393 2422 ut
1431 2388 1540 2422 verba

115 2438 174 2472 illa
202 2439 376 2474 haberent
403 2451 528 2474 verum
555 2453 700 2476 sensum
727 2452 761 2478 et
789 2445 901 2478 menti
928 2443 1175 2487 conformem,
1205 2456 1313 2492 quern
1341 2446 1420 2480 sine
1446 2455 1546 2480 reve-

115 2497 252 2532 latione
279 2509 354 2533 non
381 2499 568 2536 haberent:
590 2511 623 2536 et
652 2512 916 2549 consequenter
935 2503 1067 2538 factum
1095 2514 1161 2547 est,
1182 2514 1220 2540 ut
1239 2515 1315 2539 non
1334 2513 1426 2540 esset
1443 2515 1544 2539 men-

117 2557 257 2591 dacium
298 2559 392 2604 quod
420 2559 507 2594 alias
534 2570 638 2603 esset,
665 2573 739 2596 non
765 2571 887 2597 tamen
916 2572 969 2598 est
996 2563 1146 2605 facturn,
1174 2574 1227 2608 ut,
1245 2574 1415 2600 manente
1443 2574 1546 2598 men-
