1737 2802
768 122 826 129 -
862 109 947 154 314
978 123 1036 148 ’.-

187 191 420 235 humanam
468 192 618 234 vitam.
655 191 743 248 Est,
777 192 969 250 inquam,
1001 193 1383 236 necessarimn—
1419 190 1473 236 ob
1521 207 1623 235 ma-

185 265 299 306 xima
332 263 443 305 mala
469 277 577 320 quae
611 277 733 305 secus
759 262 1122 306 orirentur—ob
1156 265 1342 306 maxima
1375 262 1480 306 bona
1509 277 1624 320 quae·

186 350 308 378 secus
342 334 594 377 tollerentur
628 335 669 376 in
705 336 1018 395 communitate
1053 333 1252 379 humana.
1287 335 1340 378 Et
1363 349 1479 392 sane,
1501 332 1622 391 finge

186 410 338 450 factam
374 407 457 448 iam
492 421 585 449 esse
618 405 685 463 (id
719 405 837 463 quod
875 404 963 448 fieri
998 421 1145 463 reapse
1194 407 1356 464 nequit,
1389 404 1456 449 vel
1504 418 1618 448 certe

185 495 273 522 non
306 480 398 521 sine
432 478 671 520 innumeris
706 478 857 533 iurgiis
890 477 1025 520 turbis
1061 493 1106 520 ac
1139 477 1362 535 caedibus)
1395 476 1615 530 aequalem

186 566 331 594 rerum
381 551 490 593 inter
538 550 726 606 privatos
777 543 1051 606 partitionem
1085 548 1172 607 (1).
1215 547 1463 606 Aequalitas
1515 547 1617 590 haec

185 621 319 664 semel
351 620 525 664 inducta
559 620 817 663 brevissimo
862 622 1071 678 temporis
1116 621 1235 678 lapsu
1285 620 1511 664 desineret:
1546 618 1616 662 alii

185 695 300 736 enim
325 692 415 736 aliis
441 693 687 735 naturaliter
707 705 918 749 praestant
942 693 1138 749 corporis
1161 691 1229 735 vel
1253 692 1415 749 ingenii
1439 690 1620 748 viribus,

185 765 252 807 alii
275 777 376 807 sunt
401 763 490 806 aliis
516 763 830 820 diligentiores,
854 763 922 806 alii
947 765 1085 820 magis
1110 764 1178 806 alii
1210 765 1354 806 minus
1385 762 1618 821 frugalitati

185 836 372 889 student,
396 835 463 878 alii
499 835 688 879 laborem
714 834 782 878 alii
816 836 955 878 otium
981 847 1140 892 amant,
1165 834 1232 878 alii
1258 835 1399 892 plures
1424 834 1491 877 alii
1515 848 1623 892 pau-

184 908 321 950 ciores
339 906 450 949 filios
470 906 625 949 habent
644 919 722 949 etc.
743 909 816 962 (2‘).
839 908 1001 951 Rerum
1021 907 1155 963 igitur
1175 907 1345 963 partitio
1369 906 1451 948 erit
1468 919 1625 948 rursus-

184 978 461 1031 instituenda‚
495 994 538 1021 ac
574 979 733 1034 iugiter
767 979 808 1020 in
845 977 934 1021 dies
984 966 1188 1034 iteranda,
1234 993 1286 1020 ne
1340 975 1619 1035 inaequalitas

184 1051 266 1107 illa,
284 1066 391 1108 quae
409 1049 597 1093 tollenda
615 1067 636 1093 e
661 1049 806 1093 medio
825 1062 903 1106 est,
923 1049 1066 1093 denuo
1086 1051 1249 1093 existat.
1269 1049 1376 1093 Inde
1394 1064 1497 1092 vero
1517 1064 1618 1092 con-

281 1251 333 1296 (Ι)
360 1251 581 1286 Huiusmodi
609 1252 821 1297 aequalitas,
840 1252 1019 1298 inquiunt,
1037 1260 1187 1297 poneret
1207 1252 1243 1285 in
1263 1251 1409 1290 civitate
1427 1250 1621 1284 maximam

185 1313 362 1347 unitatem.
390 1331 434 1337 —
462 1304 609 1354 Sed,³ut
637 1321 732 1346 recte
772 1321 875 1346 notat
914 1310 1144 1353 Aristoteles,
1176 1311 1319 1346 Politic.
1349 1311 1394 1346 11.
1426 1321 1467 1356 3..
1495 1310 1626 1344 civitas

185 1371 291 1405 debet
319 1371 466 1417 quidem
493 1371 625 1405 habere
653 1372 843 1412 unitatem,
872 1372 932 1405 sed
961 1383 1036 1405 non
1064 1372 1241 1405 unitatem
1268 1371 1470 1404 maximam.
1501 1368 1540 1403 Id
1559 1380 1620 1402 au-

183 1440 257 1465 tem
285 1431 454 1473 ostendit,
484 1433 759 1477 comparatione
786 1430 943 1466 adhibita
970 1443 1013 1465 ex
1040 1431 1254 1477 symphonia,
1282 1431 1323 1464 ad
1355 1441 1462 1476 quam
1488 1428 1620 1462 haben—

185 1489 268 1523 dam
299 1490 492 1535 requiritur
519 1490 666 1534 quidem
695 1490 812 1524 unitas
839 1501 985 1534 vocum,
1014 1490 1075 1524 sed
1104 1501 1178 1524 non
1208 1488 1438 1523 omnimoda:
1467 1488 1494 1522 si
1523 1487 1619 1522 enim

185 1561 316 1584 omnes
342 1561 453 1584 voces
480 1551 551 1584 sint
579 1550 740 1584 eiusdem
769 1550 931 1592 rationis,
960 1561 989 1584 e.
1018 1562 1050 1596 g.
1079 1561 1208 1583 omnes
1236 1560 1361 1595 graves
1394 1548 1450 1582 vel
1491 1557 1628 1580 ornnes>

184 1618 322 1651 acutae,
352 1620 427 1643 non
456 1611 519 1643 erit
547 1610 779 1655 symphonia,
807 1610 868 1644 sed
897 1609 1111 1655 uniplionia.
1140 1609 1231 1643 Item
1259 1609 1384 1642 civitas
1411 1606 1516 1641 debet
1543 1617 1622 1641 esse

184 1680 255 1703 una
282 1680 324 1703 ex
351 1669 476 1704 multis
504 1670 653 1713 civibus,
679 1682 752 1704 non
781 1670 937 1715 aequalis
964 1670 1025 1703 sed
1053 1669 1228 1703 dissimilis
1255 1667 1491 1702 conditionis:
1517 1677 1559 1700 ex
1579 1666 1625 1700 iis-

185 1728 282 1763 enim
310 1728 367 1762 alii
398 1728 529 1763 debent
557 1740 635 1763 esse
674 1729 833 1763 artifices
874 1738 907 1764 et
937 1729 1081 1775 quidem
1122 1729 1345 1762 diversarum
1386 1726 1532 1768 artium,
1563 1725 1620 1759 alii

185 1788 317 1822 debent
345 1799 420 1822 esse
466 1788 501 1821 in
542 1788 814 1834 magistratibus
853 1798 887 1822 et
926 1788 1070 1833 quidem
1100 1787 1250 1821 diversis
1291 1796 1357 1821 etc.
1388 1807 1423 1810 —
1456 1785 1621 1819 lamvero

184 1847 370 1881 dissimilis
388 1847 477 1881 haec
498 1847 632 1881 civium
660 1848 835 1889 conditio,
857 1859 946 1894 quae
965 1856 1158 1892 tantopere
1177 1847 1220 1880 ad
1248 1843 1618 1889 civitatemexigitur,

184 1907 344 1941 maxime
371 1906 502 1953 pendet
529 1918 571 1940 ex
599 1907 779 1952 inaequali
808 1918 928 1940 rerum
957 1917 1018 1940 seu
1047 1906 1251 1940 divitiarum
1279 1904 1487 1950 partitione.
1512 1901 1622 1937 Tolle

183 1966 289 2008 hanc,
317 1966 425 2000 redde
452 1977 582 2000 omnes
610 1978 651 2000 ex
679 1977 794 2012 aequo
822 1966 967 2000 divites:
997 1966 1070 1999 iam
1096 1976 1207 1999 nemo
1236 1964 1337 1999 volet
1368 1975 1446 1998 esse
1483 1960 1621 2003 artifex,

184 2025 395 2070 praesertim
423 2024 541 2071 quoad
568 2036 629 2058 eas
657 2024 760 2065 artes,
790 2036 880 2071 quae
909 2034 946 2059 ut
985 2026 1145 2058 maxime
1185 2024 1410 2058 necessariae
1450 2029 1544 2063 sunt,
1574 2021 1620 2055 ita

185 2091 266 2117 sunt
293 2083 453 2117 maxime
481 2083 684 2117 laboriosae
712 2092 745 2122 et
774 2083 873 2117 viles.
901 2104 946 2108 —
974 2084 1052 2117 Huc
1081 2083 1195 2128 aptari
1233 2082 1342 2117 etiam
1383 2089 1537 2127 possunt
1565 2091 1621 2121 ea,

185 2153 275 2188 quae
302 2143 346 2176 de
372 2142 481 2176 variis
503 2144 662 2188 corporis
682 2143 834 2177 humani
863 2144 1035 2177 membris
1064 2144 1171 2177 habet
1197 2154 1226 2176 s.
1249 2141 1383 2177 Paulus
1409 2140 1630 2187 Apostolus,

186 2202 211 2236 1.
240 2202 324 2237 Cor.
352 2202 432 2236 XII.

281 2261 329 2306 (2)
357 2261 497 2295 Dicitur
523 2260 737 2308 frequenter:
765 2263 915 2296 homines
942 2267 1017 2296 sunt
1057 2273 1168 2296 omncs
1208 2261 1421 2295 naturaliter
1457 2252 1623 2306 aequales.

187 2338 230 2345 -
265 2319 458 2364 Disli'nguo:
488 2321 507 2354 i.
537 2332 566 2354 e.
595 2321 623 2354 si
650 2330 793 2366 spectes
824 2322 1029 2356 essentialia
1058 2322 1304 2363 constitutiva,
1334 2319 1505 2354 horriincs
1541 2329 1623 2355 sunt

187 2391 316 2414 omnes
345 2381 554 2419 rationales,
582 2378 695 2414 libero
724 2381 877 2425 praediti
907 2381 1069 2422 arbitrio,
1098 2381 1232 2426 paucis,
1261 2380 1391 2415 omnes
1415 2379 1549 2414 haberit
1566 2390 1630 2413 na-

187 2448 305 2485 turam
333 2439 532 2473 humanam
561 2440 716 2481 concedo,
735 2440 763 2474 si
790 2449 931 2485 spectes
959 2439 1163 2474 individuas
1181 2440 1521 2480 determinationes,
1541 2446 1625 2472 sunt

187 2509 318 2532 omnes
344 2509 458 2544 aeque
486 2498 624 2544 magni,
655 2497 808 2544 pulchri,
836 2498 946 2540 docti,
974 2499 1064 2540 sani,
1093 2499 1247 2532 virtuosi
1274 2507 1342 2533 etc.
1359 2509 1453 2544 nego.
1473 2495 1530 2533 Cf.
1551 2496 1629 2531 Ta-

190 2556 328 2603 parelH,
353 2557 472 2602 saggio
500 2565 567 2591 etc.
595 2557 717 2592 adnot.
745 2558 874 2593 XLVI.
