1737 2802
735 123 792 132 .-..
826 111 909 154 24¹7
945 122 1002 130 —.

150 210 333 254 eamque
366 193 492 238 dandi
525 208 605 252 pro
640 194 835 248 inimico,
870 205 986 236 actus
1021 191 1179 236 scilicet
1211 193 1393 236 eximiae
1416 192 1460 235 in
1483 206 1583 249 pro-

147 267 318 310 ximum
353 265 536 308 caritatis
570 264 650 324 (1).
686 266 802 322 Dixi,
831 274 904 324 per
936 281 975 309 se
1009 263 1220 323 loquendo.
1242 263 1358 307 Nam
1391 261 1481 306 fieri
1504 278 1582 321 po-

148 349 245 392 test,
265 349 311 380 ut
333 335 512 395 qualitas
538 351 759 394 personae,
780 339 900 380 cuius
924 337 1009 380 vita
1031 336 1269 393 impetitur,
1288 333 1400 378 aliud
1424 335 1582 392 exigat,

151 421 196 452 ut
228 410 264 452 si
297 409 468 451 invasus
504 420 615 450 esset
649 424 831 465 persona
864 407 1031 466 publica
1064 407 1115 450 ad
1147 406 1312 450 bonum
1361 405 1580 464 publicum

155 478 276 523 valde
324 480 558 522 necessaria
592 481 666 537 (2).
703 505 758 534 ε-
797 481 855 523 Ea
888 479 938 539 γ)
971 478 1186 522 adduntur
1232 477 1372 531 verba,
1421 485 1582 523 servato

152 550 427 595 moderamine
460 551 694 608 inculpatae
727 551 872 594 tutelae
906 551 985 609 (3).
1021 550 1204 606 Scilicet,
1233 548 1356 592 debet
1388 548 1480 592 fieri
1513 563 1582 592 so-

151 621 241 665 lum
275 621 333 678 id,
367 620 484 679 quod
518 623 807 665 necessarium
842 635 905 665 est
939 621 989 665 ad
1023 622 1244 679 propriam
1280 632 1468 664 mortem
1502 621 1582 663 im—

150 692 420 752 pediendam.
469 693 581 736 Hinc
630 708 718 736 non
766 693 863 736 licet
913 692 1149 736 interficere
1197 707 1513 749 aggressorem,
1547 691 1582 733 si

153 776 295 822 potest
327 778 446 807 mors
482 765 653 822 propria
685 764 885 822 impediri
921 780 1020 807 eum
1055 763 1335 807 vulnerando:
1366 777 1453 805 non
1487 761 1584 804 licet

151 836 388 892 vulnerare,
422 836 455 878 si
494 834 611 878 aliter
644 851 764 879 mors
801 837 972 894 propria
1006 836 1205 894 impediri
1246 847 1403 893 potest.

271 908 345 965 2⁰.)
379 908 447 951 Sic
494 920 604 951 statu
653 909 915 966 quaestionis
964 907 1189 966 explicato,
1232 907 1284 950 ad
1332 917 1584 963 argumenta

153 980 390 1024 veniamus
417 1005 471 1013 —
506 981 654 1023 Homo
679 997 776 1023 vere
801 980 941 1033 habet,
968 996 1018 1024 eo
1053 996 1182 1038 quem
1216 979 1407 1023 diximus
1431 993 1581 1031 sensu,

155 1052 222 1094 ius
255 1050 306 1094 ad
339 1052 487 1095 vitam.
520 1051 604 1094 Sed
654 1052 717 1094 ius
767 1053 811 1095 vi
853 1053 974 1110 pollet
1020 1052 1217 1095 coactiva.
1266 1051 1383 1107 Ergo
1432 1049 1584 1102 homo,

155 1124 278 1168 cuius
311 1124 441 1166 vitam
475 1123 578 1166 alter
601 1124 756 1167 iniuste
790 1123 1052 1181 aggreditur,
1088 1126 1134 1180 α)
1170 1134 1311 1180 potest
1334 1123 1422 1164 vim
1454 1121 1496 1164 vi
1519 1135 1584 1163 re—

151 1195 307 1254 pellere
330 1194 379 1238 ad
414 1195 632 1252 propriam
656 1197 788 1238 vitam
823 1195 1091 1251 servandam,
1114 1208 1154 1237 et
1188 1195 1227 1236 in
1254 1194 1331 1237 hac
1363 1195 1404 1236 vi
1436 1205 1586 1237 contra

150 1268 359 1310 iniustum
382 1281 686 1323 aggressorem
710 1266 945 1310 adhibenda
969 1266 1025 1325 β)
1045 1278 1184 1324 potest
1207 1266 1334 1309 etiam
1359 1264 1582 1323 damnum,

150 1340 185 1382 si
219 1337 261 1382 id
295 1352 468 1381 necesse
502 1338 568 1391 sit,
592 1337 649 1380 illi
684 1338 851 1382 inferre:
891 1338 990 1381 haec
1017 1338 1133 1380 enim
1163 1336 1250 1380 duo
1286 1335 1586 1394 intelliguntur

151 1424 249 1453 curn
284 1408 450 1465 dicitur,
484 1410 549 1452 ius
583 1410 626 1452 vi
657 1409 803 1468 pollere
837 1411 1012 1454 coactiva
1045 1409 1128 1468 (4).
1154 1433 1213 1440 ——
1240 1409 1363 1461 Esto,
1399 1409 1586 1467 inquies,

248 1630 303 1676 (1)
332 1629 386 1665 Cf.
418 1629 460 1663 de
491 1630 606 1675 Lugo,
633 1629 676 1663 de
705 1630 785 1664 iust.
813 1638 846 1664 et
875 1630 948 1663 iure
977 1628 1065 1675 disp.
1089 1629 1135 1663 X.
1157 1636 1242 1663 sect.
1270 1626 1300 1662 6.
1331 1638 1433 1663 num.
1461 1636 1532 1672 153.
1553 1636 1588 1661 et

159 1698 234 1731 154.
248 1709 294 1716 —-
309 1689 432 1724 Dices:
452 1700 574 1723 nonne
593 1697 720 1723 teneor
740 1687 909 1723 adhibere
936 1687 1054 1722 media
1080 1687 1125 1721 ad
1145 1686 1433 1721 conservandam
1452 1683 1591 1720 vitam?

154 1749 374 1795 Respondeo
402 1759 484 1782 cum
511 1748 640 1783 eodem
668 1756 830 1790 auctore,
860 1747 882 1782 l.
910 1758 1007 1782 nunc
1033 1749 1104 1783 cit.:
1138 1746 1272 1782 «Licet
1307 1756 1497 1782 teneamur
1529 1755 1587 1778 nos

157 1818 223 1842 non
241 1808 392 1843 occidere
418 1817 452 1842 et
479 1819 680 1842 consumare
699 1809 802 1841 etiam
819 1809 930 1841 vitam
943 1812 1006 1854 per
1033 1807 1147 1840 madia
1167 1806 1349 1840 ordinaria
1377 1806 1437 1849 (en
1456 1803 1587 1850 duplex

156 1868 347 1915 obligatio,
374 1869 484 1903 altera
512 1869 687 1914 negativa.
715 1869 827 1904 altera
850 1869 1035 1915 positiva),
1061 1880 1135 1903 non
1161 1876 1284 1902 tamen
1311 1866 1519 1912 obligamur
1545 1865 1590 1900 ad

154 1929 329 1963 utendum
357 1928 488 1964 mediis
515 1930 691 1975 exquisitis
717 1928 773 1963 vel
802 1929 944 1963 mullum
970 1928 1161 1973 difficilibus
1181 1927 1224 1961 ad
1251 1926 1345 1961 hunc
1365 1925 1475 1960 finem
1503 1925 1590 1972 (qua

155 1987 199 2023 de
224 1999 262 2023 re
289 1988 447 2023 diximus
473 1988 510 2022 in
536 1988 628 2023 thesi
659 1987 702 2022 de
729 1988 899 2034 suicidio).
926 1989 988 2023 Est
1016 1996 1139 2022 autem
1167 1986 1329 2021 medium
1356 1983 1461 2020 valde
1494 1983 1590 2018 diffi-

155 2047 224 2082 cile
249 2047 416 2084 occidere
443 2059 567 2083 meum
597 2049 818 2094 proximum,
846 2048 1058 2094 praesertim
1087 2049 1122 2083 in
1160 2056 1255 2082 statu
1294 2044 1444 2091 peccati.
1483 2043 1591 2079 Unde

154 2107 243 2142 sicut
272 2119 420 2154 possum
447 2119 631 2154 exponere
660 2120 717 2143 me
745 2108 875 2143 mortis
903 2107 1063 2154 periculo
1091 2116 1128 2142 ut
1162 2106 1359 2141 inserviam
1395 2113 1493 2150 peste
1533 2103 1591 2138 in·

157 2165 269 2209 fectis,
296 2178 317 2201 α
336 2167 487 2212 fortiori
513 2178 642 2214 potero
671 2177 828 2203 mortem
854 2167 1021 2210 tolerare,
1041 2178 1086 2202 ne
1115 2167 1322 2213 proximum
1351 2164 1507 2211 positive
1525 2173 1590 2198 oc·-

162 2226 282 2260 cidam
310 2235 343 2262 et
372 2227 408 2261 in
435 2237 623 2263 aeteruum
652 2227 848 2274 perdam.»
1120 2264 1122 2266 ,

253 2286 306 2332 (2)
334 2287 433 2322 Idem
477 2296 614 2332 auctor,
649 2287 733 2322 ibid.
778 2299 877 2322 num.
924 2287 1011 2330 138„
1055 2287 1165 2321 alium
1207 2285 1413 2321 considerat
1455 2293 1591 2324 casum,

161 2359 178 2376 «
195 2346 339 2392 quando
369 2357 563 2392 aggressor
588 2346 670 2381 talis
697 2355 802 2391 esset,
828 2346 930 2380 cuius
956 2347 1029 2381 vita
1057 2345 1256 2381 necessaria
1283 2344 1389 2379 valde
1415 2352 1509 2378 esset
1547 2340 1591 2375 ad

161 2404 298 2441 bonum
323 2406 521 2452 publicum.
541 2421 558 2438 »

248 2465 303 2511 (3)
329 2465 425 2500 Haec
452 2466 560 2500 verba
587 2464 850 2511 explicavimus
877 2466 988 2500 etiam
1014 2475 1134 2512 super.
1160 2465 1252 2500 thes.
1279 2464 1359 2499 VII.
1386 2475 1468 2510 pag.
1485 2461 1540 2498 86.

251 2524 301 2570 (4)
316 2525 416 2560 Haec
433 2524 558 2559 omnia
572 2525 642 2558 iam
663 2523 925 2559 declaravimus
940 2535 980 2558 ac
997 2523 1331 2559 demonstravimus
1347 2523 1381 2557 in
1398 2523 1486 2558 thes.
1501 2522 1596 2568 VII.‚

157 2585 194 2619 in
221 2596 289 2631 qua
315 2585 360 2620 de
384 2586 423 2619 vi
450 2586 534 2619 iuri5
563 2585 718 2620 coactiva
747 2585 901 2631 egimuS.
