1737 2802
104 268 197 296 mas
229 252 315 312 (1),
348 252 487 311 aliqua
518 252 849 310 intelligibilium
884 250 1145 303 divinorum,
1179 265 1284 307 quae
1318 249 1530 292 humanae

103 326 279 368 rationis
313 325 483 382 penitus
518 324 728 368 excedant
762 324 1002 380 ingenium,
1034 321 1355 366 evidentissime
1398 337 1530 379 appa-

104 409 223 441 ret.»
259 396 308 440 Id
341 409 482 439 autem
517 396 650 439 tribus
695 395 962 439 demonstrat
1006 393 1227 452 praeclaris
1276 393 1525 437 rationibus.

224 467 379 510 Probat
407 469 541 525 primo
575 484 625 510 ex
660 466 792 510 modo
827 482 912 524 quo
947 466 989 508 in
1026 466 1321 523 cognitionem
1355 465 1524 509 divino-

103 554 201 582 rum
235 541 524 598 pervenimus,
554 565 610 572 —
647 558 668 580 <‹
689 540 843 592 Quum
868 538 1127 596 principium
1152 539 1286 581 totius
1310 538 1525 593 scientiae,

104 627 232 669 quam
267 611 318 655 de
351 612 489 669 aliqua
520 599 564 654 re
599 612 704 654 ratio
739 611 931 669 percipit,
965 611 1018 653 sit
1051 610 1290 653 intellectus
1325 609 1526 653 substan-

100 684 182 729 tiae
217 685 366 743 ipsius,
390 700 440 727 eo
465 684 597 742 quod,
620 682 857 726 secundum
883 684 1120 726 doctrinam
1163 682 1419 740 Philosophi
1445 684 1522 739 (2),

104 755 487 799 demonstrationis
537 756 795 814 principium
845 768 908 798 est
955 755 1062 813 quud
1108 755 1206 812 qnid
1253 765 1320 811 est,
1355 768 1526 812 oportet

98 828 219 886 quod
251 827 491 870 secundum
526 827 722 883 modum,
756 842 843 884 quo
877 826 1110 870 substantia
1148 828 1207 870 rei
1251 826 1520 884 intelligitur,

100 900 155 943 sit
188 915 338 943 eorum
377 899 551 952 modus,
590 915 697 957 quae
731 898 782 942 de
816 914 859 942 re
895 899 962 942 illa
996 912 1333 955 cognoscuntur.
1385 898 1525 957 Unde,

99 972 135 1015 si
167 971 404 1015 intellectus
439 971 652 1014 humanus
686 971 864 1014 alicuius
898 972 957 1014 rei
991 971 1269 1014 substantiam
1315 987 1519 1028 compre-

100 1042 264 1101 hendit,
297 1055 397 1101 puta
430 1042 580 1101 lapidis
614 1043 677 1085 vel
723 1042 938 1100 trianguli,
972 1042 1139 1086 nullum
1190 1042 1524 1100 intelligibilium

100 1114 212 1158 illius
247 1116 305 1158 rei
340 1114 582 1158 facultatem
608 1114 817 1157 humanae
851 1115 1027 1157 rationis
1052 1113 1245 1158 excedet.
1268 1114 1405 1167 Quod
1428 1115 1522 1173 qui-

101 1186 201 1230 dem
234 1186 356 1230 nobis
392 1188 499 1229 circa
528 1187 670 1229 Deum
707 1202 793 1229 non
817 1186 978 1230 accidit.
1014 1187 1144 1243 Nam,
1167 1187 1218 1230 ad
1241 1186 1523 1230 substantiam

100 1260 234 1317 ipsius
268 1258 532 1316 capiendam,
568 1258 803 1301 intellectus
839 1258 1055 1301 humanus
1090 1274 1177 1301 non
1213 1271 1353 1316 potest
1397 1271 1523 1302 natu-

98 1331 172 1376 rali
199 1332 354 1374 virtute
388 1331 649 1387 pertingere,
675 1345 810 1387 quum
833 1329 1070 1372 intellectus
1105 1331 1254 1383 nostri,
1280 1330 1520 1374 secundum

99 1403 280 1448 modum
316 1403 551 1460 praesentis
584 1403 709 1458 vitae,
752 1402 944 1459 cognitio
997 1418 1018 1444 a
1066 1417 1192 1444 sensu
1243 1403 1429 1461 incipiat.
1474 1403 1525 1446 Et

96 1475 194 1520 ideo
227 1491 290 1528 ea,
325 1490 430 1533 quae
453 1475 494 1517 in
528 1489 655 1517 sensu
678 1489 766 1517 non
801 1473 971 1530 cadunt,
996 1489 1082 1517 non
1108 1487 1289 1531 possunt
1324 1474 1514 1518 humano

96 1549 313 1592 intellectu
348 1548 454 1605 capi,
487 1547 567 1589 nisi
601 1559 808 1604 quatenus
844 1562 894 1589 ex
917 1545 1111 1589 sensibus
1146 1562 1300 1589 eorum
1327 1547 1520 1604 cognitio

97 1620 325 1677 colligitur.
376 1616 597 1662 Sensibilia
633 1630 776 1660 autem
825 1617 874 1660 ad
924 1617 1006 1661 hoc
1054 1618 1207 1661 ducere
1258 1618 1521 1662 intellectum

99 1705 298 1735 nostrum
322 1705 408 1733 non
444 1701 642 1748 possunt,
670 1702 714 1732 ut
748 1690 789 1731 in
814 1690 873 1731 eis
910 1688 1050 1732 divina
1073 1689 1309 1732 substantia
1332 1689 1524 1733 videatur

97 1764 196 1824 quid
217 1765 286 1817 sit,
307 1778 439 1821 quum
466 1763 551 1804 sint
574 1760 748 1804 effectus
774 1777 922 1804 causae
944 1762 1147 1805 virtutem
1174 1778 1260 1805 non
1280 1775 1524 1820 aequantes,

102 1836 284 1879 Ducitur
317 1847 460 1878 tamen
494 1848 546 1876 ex
582 1832 848 1876 sensibilibus
883 1833 1120 1876 intellectus
1155 1847 1301 1877 noster
1334 1836 1375 1877 in
1411 1834 1524 1877 divi-

100 1922 200 1951 nam
236 1907 548 1963 cognitionem,
580 1917 630 1959 ,ut
665 1917 896 1962 cognoscat
931 1905 980 1948 de
1016 1906 1110 1947 Deo
1144 1908 1241 1963 quia
1279 1915 1349 1958 est,
1385 1918 1425 1949 et
1449 1906 1526 1950 alia

101 1975 371 2033 huiusmodi,
403 1991 509 2033 quae
544 1988 715 2033 oportet
748 1974 916 2018 attribui
952 1977 1091 2032 primo
1143 1977 1366 2034 principio.
1417 1979 1527 2022 Sunt

103 2048 231 2106 igitur
264 2047 471 2106 quaedam
506 2047 837 2104 intelligibilium
872 2047 1139 2105 divinorum,
1173 2064 1279 2106 quae
1314 2048 1526 2094 humanae

103 2120 256 2163 rationi
290 2132 389 2162 sunt
424 2120 582 2177 pervia,
618 2118 828 2177 quaedam
853 2135 971 2172 vero,
991 2135 1097 2178 quae
1122 2120 1302 2163 omnino
1336 2122 1422 2163 vim
1450 2121 1527 2164 hu-

104 2207 254 2234 manae
288 2191 464 2234 rationis
499 2191 763 2235 excedunt.»

222 2262 378 2307 Probat
395 2263 563 2307 secundo
582 2280 632 2306 ex
652 2263 951 2307 intellectuum
971 2263 1185 2320 gradibus.
1201 2289 1254 2297 —
1277 2266 1529 2319 «Duorum,

102 2349 291 2393 quorum
318 2349 426 2376 unus
450 2333 530 2377 alio
555 2350 645 2377 rem
680 2333 861 2393 aliquam
899 2334 1116 2378 intellectu
1152 2334 1347 2379 subtilius
1383 2337 1529 2379 intue-

101 2417 186 2462 tur,
223 2405 305 2463 ille,
345 2406 464 2449 cuius
499 2405 735 2449 intellectus
771 2419 833 2449 est
876 2406 1092 2465 elevatior,
1128 2407 1262 2450 multa
1310 2407 1529 2465 intelligit,

197 2574 254 2620 (1)
283 2575 410 2610 Contr.
436 2583 534 2620 gent.
562 2573 586 2609 1.
621 2586 649 2609 1.
677 2586 704 2609 c.
734 2586 767 2621 3.

199 2634 258 2680 (2)
285 2634 392 2670 Anat.
418 2644 531 2682 post.,
561 2636 616 2679 11„
643 2644 728 2671 text.
755 2647 894 2671 comm.
923 2646 955 2671 2.
