1737 2802
775 127 1040 180 ...155-

193 222 357 264 tionem
394 221 576 262 instituit
610 221 719 264 inter
753 219 1010 263 medicinam
1044 233 1084 263 et
1128 221 1431 264 iuramentum.
1476 220 1617 265 Medi-

194 293 282 334 cina
319 293 432 334 iuvat
456 291 505 334 ad
529 291 868 335 subveniendum
894 291 1145 348 infirmitati,
1179 292 1245 334 cui
1270 291 1422 349 aliquis
1455 304 1519 335 est
1541 291 1617 335 ob-

191 364 358 406 noxius:
408 364 698 405 iuramentum
749 364 873 416 valet,
923 362 972 406 ad
1023 363 1366 407 subveniendum
1415 362 1616 420 defectui,

195 453 217 473 «
237 449 323 491 quo
353 450 464 477 unus
490 435 624 477 homo
659 435 776 478 alteri
801 435 1015 479 discredit.
1036 453 1058 474 »
1097 434 1486 488 Quemadmodum
1510 450 1615 478 vero

194 505 449 547 medicinam
485 522 571 548 non
607 506 875 559 adhibemus,
900 507 979 549 nisi
1015 505 1186 564 quando
1211 507 1440 549 necessitas
1475 518 1614 564 cogat;

192 577 245 618 ita
282 577 421 619 iurare
456 593 542 619 non
577 577 797 630 debemus,
832 579 912 620 nisi
949 594 1046 620 vera
1087 579 1338 621 necessitate
1383 577 1614 635 compulsi.

190 672 247 680 —
280 648 454 691 Tertius
488 648 587 692 boni
623 651 848 692 iuramenti
883 665 1028 692 comes
1063 663 1125 693 est
1169 652 1336 693 iustitia.
1376 668 1398 689 ‹<
1420 650 1614 694 Nomine

191 721 387 775 iustitiae,
421 722 557 778 inquit
594 722 751 764 Suarez
785 720 874 779 (1),
912 723 952 763 in
987 721 1062 763 hac
1110 720 1359 764 conditione
1409 736 1481 764 seu
1533 736 1611 764 co-

192 793 294 835 mite
331 793 556 835 iuramenti
592 792 770 849 intelligi
805 792 930 836 debet
973 808 1059 835 non
1093 792 1237 835 solum
1282 793 1443 835 iustitia
1479 793 1615 850 parti-

189 865 353 921 cularis,
387 865 460 908 sed
495 866 619 908 etiam
651 866 869 921 generalis,
906 878 1033 922 prout
1066 864 1117 907 de
1151 866 1270 907 omni
1303 865 1460 907 virtute
1505 864 1614 908 dici-

189 949 258 979 tur
291 937 367 993 (2),
403 939 457 980 ita
491 951 535 980 ut
569 937 682 980 idem
716 939 769 979 sit
804 938 1025 980 materiam
1062 937 1291 980 iuramenti
1325 936 1477 980 debere
1521 952 1615 980 esse

188 1009 352 1065 iustam,
387 1008 503 1066 quod
539 1008 690 1052 debere
724 1025 815 1052 esse
853 1009 1113 1052 honestam.»
1146 1010 1263 1052 Haec
1312 1008 1504 1052 conditio
1554 1011 1615 1053 sic

188 1079 393 1137 explicata
428 1092 539 1137 patet
573 1080 622 1123 de
656 1081 900 1123 iuramento
936 1081 1237 1137 promissoriO,
1257 1093 1384 1137 prout
1406 1079 1454 1123 ab
1478 1096 1614 1124 asser-

186 1152 300 1194 torio
333 1151 625 1207 distinguitur.
661 1153 725 1194 De
760 1152 1000 1194 iuramento
1035 1164 1178 1194 autem
1228 1167 1334 1209 pure
1381 1153 1612 1196 assertorio

187 1221 377 1265 dubitare
411 1224 506 1280 quis
539 1236 699 1280 posset,
732 1238 783 1266 an
816 1222 867 1265 ad
914 1221 1139 1270 liceitatem
1188 1223 1323 1280 ipsius
1371 1224 1613 1281 requiratur

188 1296 363 1337 materia
395 1295 503 1336 iusta
526 1311 599 1337 seu
630 1294 824 1338 honesta.
849 1295 1023 1350 Nonne,
1046 1295 1107 1337 sic
1129 1307 1276 1352 posset
1301 1296 1395 1352 quis
1420 1310 1612 1352 arguere,

186 1383 329 1411 nonne
363 1368 435 1425 qui
469 1367 521 1410 de
556 1366 792 1410 homicidio
827 1365 1106 1410 testificantur
1130 1382 1273 1409 coram
1308 1366 1449 1410 iudice
1483 1367 1612 1424 civili,

185 1439 296 1482 licite
319 1440 472 1495 iurant,
496 1440 691 1497 quamvis
725 1439 777 1482 de
801 1455 844 1482 re
878 1454 1003 1496 prava
1026 1439 1325 1482 testimonium
1353 1438 1610 1497 praebeant?

186 1511 254 1557 Ad
290 1512 396 1554 hanc
428 1510 659 1554 tollendam
685 1509 1015 1566 dubitationem,
1036 1510 1194 1567 duplex
1219 1510 1522 1568 distinguenda
1545 1523 1610 1555 est

186 1584 362 1626 materia
396 1584 638 1640 iuramenti,
671 1599 753 1626 una
783 1585 976 1640 proxima
1009 1596 1049 1626 et
1083 1582 1213 1626 altera
1246 1592 1413 1627 remota.
1451 1601 1473 1623 (τ
1498 1584 1610 1627 Pro-

184 1660 348 1702 ximam
383 1659 568 1717 appello,
593 1661 649 1703 ita
672 1659 824 1703 eodem
859 1659 957 1703 loco
991 1660 1131 1717 pergit
1165 1659 1280 1703 idem
1315 1662 1497 1704 eximius
1533 1660 1610 1705 do-

186 1744 292 1786 ctor,
328 1733 608 1775 assertionem
644 1733 795 1789 ipsam,
829 1747 927 1775 nam
964 1731 1031 1775 illa
1064 1745 1142 1785 est,
1175 1732 1218 1774 in
1267 1748 1397 1790 quam
1447 1733 1608 1777 imme-

185 1802 294 1846 diate
328 1802 437 1846 cadit
470 1804 774 1848 iuramentum:
811 1815 1021 1847 remotam
1055 1819 1166 1846 voco
1199 1819 1290 1846 rem
1325 1817 1396 1847 aut
1428 1802 1606 1858 factum,

184 1872 236 1917 de
269 1889 356 1932 quo
390 1886 453 1916 est
485 1875 677 1928 assertio;
711 1875 821 1918 sicut
845 1876 886 1917 in
910 1887 1176 1918 sacramento
1201 1875 1487 1932 poenitentiae
1511 1890 1608 1933 pec-

184 1958 271 1988 cata
305 1945 506 1988 dicuntur
529 1947 704 1989 materia
737 1958 903 1989 remota
926 1947 1191 1999 sacramenti,
1216 1944 1432 1989 confessio
1462 1959 1605 1990 autem

182 2018 392 2074 proxima.
427 2019 536 2061 Dico
570 2034 673 2075 ergo
707 2018 757 2061 ad
791 2018 1060 2062 honestatem
1111 2018 1337 2061 iuramenti
1388 2018 1607 2062 assertorii

182 2103 269 2130 non
304 2104 397 2132 esse
430 2090 715 2132 necessariam
749 2089 1020 2133 honestatem
1054 2091 1094 2132 in
1119 2089 1295 2132 materia
1327 2098 1497 2132 remota.
1523 2089 1605 2134 Ni-

182 2159 418 2204 hilominus
472 2173 612 2205 tamen
667 2177 819 2205 verum
873 2174 950 2214 est,
987 2160 1284 2205 conditionem
1338 2160 1446 2204 hanc
1508 2176 1605 2205 esse

182 2233 464 2276 necessariam
497 2234 540 2275 in
574 2234 815 2277 iuramento
857 2234 1091 2277 assertorio
1139 2250 1190 2277 ex
1237 2246 1354 2292 parte
1403 2234 1605 2278 materiae

276 2469 331 2511 (1)
358 2469 414 2503 De
440 2468 570 2503 iuram.
597 2467 618 2502 l.
653 2479 681 2503 1.
710 2479 739 2503 c.
769 2479 799 2513 3.
826 2479 926 2502 num.
954 2477 986 2510 4.

273 2528 328 2572 (2)
355 2529 430 2563 Hac
457 2527 500 2563 de
527 2527 704 2562 divisione
730 2527 887 2564 iustitiae
913 2527 1070 2562 diximus
1096 2527 1239 2574 saepius
1264 2535 1299 2562 et
1319 2526 1363 2562 in
1388 2526 1458 2561 hoc
1486 2533 1522 2561 et
1561 2524 1599 2560 in

178 2587 407 2633 praecedenti
432 2587 630 2622 volumine.
656 2588 750 2623 Vide
774 2587 879 2622 huius
903 2588 1102 2622 voluminis
1128 2598 1210 2634 pag.
1235 2596 1297 2621 20.
1324 2585 1448 2622 adnot.
1477 2594 1508 2622 2.
