1737 2802
789 112 1058 165 „325-

208 202 322 260 licet,
355 219 507 247 eoi-um
541 215 735 256 actuum,
761 218 872 261 quos
897 203 1000 246 dum
1034 204 1226 247 viverent
1250 215 1504 261 posuerunt,
1526 202 1646 247 illius1

209 278 418 319 nimirum
452 275 684 319 voluntatis
720 289 845 333 atque
878 276 1147 333 intentionis,
1179 291 1307 334 quam
1341 278 1533 320 viventes
1566 275 1647 320 ha-

210 347 392 390 buerunt
425 347 488 405 (ct
521 348 641 389 cuius
689 348 808 390 testis
843 362 888 389 ac
938 359 1084 389 custos
1126 359 1190 389 est
1237 359 1560 401 testamentum,
1594 347 1641 389 in

211 433 297 475 quo
331 418 529 460 voluntas
563 417 629 460 illa
654 417 873 460 moraliter
907 417 1036 460 veluti
1064 416 1302 475 perdurat),
1326 430 1509 475 possunt
1537 433 1641 476 per-

212 505 418 545 severare,
454 502 493 531 et
527 504 673 545 reapse
708 501 980 546 perseverant
1015 487 1205 544 effectus,
1238 488 1366 530 etiam
1415 500 1513 546 post
1558 503 1646 532 eo-

212 576 305 602 rum
342 560 523 603 obitum.
558 561 712 617 Neque
746 561 788 602 id
824 562 982 602 mirum
1019 559 1177 617 aliquid
1212 572 1283 602 aut
1306 574 1469 602 novum
1502 559 1639 603 videri

212 631 348 674 debet.
385 632 475 674 Tot
501 633 615 673 enim
652 644 751 674 sunt
775 631 877 674 aliae
914 647 1075 686 causae,
1101 646 1206 688 quas
1239 630 1440 673 videmus
1463 631 1647 687 gignere

212 702 387 745 effectus
422 701 599 758 multos,
632 703 720 760 qui,
756 704 857 759 ipsis
892 702 1198 755 desinentibus,
1232 717 1320 744 non
1353 702 1511 745 idcirco
1545 716 1645 744 ces-

212 786 322 825 sant,
356 773 430 816 sed
465 775 645 816 existere
679 786 862 830 pergunt
897 786 1025 830 atque
1060 788 1198 830 agere.
1235 773 1371 826 Quod
1417 773 1551 830 igitur
1592 771 1650 815 de

212 845 304 888 aliis
339 847 491 901 causis,
529 845 609 888 hoc
644 845 757 888 idem
794 846 844 888 de
890 847 1130 888 actionibus
1165 847 1257 888 istis
1308 845 1488 889 iuridicis
1534 859 1647 887 con-

212 917 353 973 tingit.
385 942 442 949 —
477 918 698 960 Praeterea
734 917 790 974 id,
824 917 941 974 quod
977 917 1192 970 obiicitur,
1227 918 1262 960 si
1295 917 1458 959 valeret
1495 929 1649 959 contra

213 989 428 1031 cessiones
453 1006 524 1032 seu
552 988 807 1032 donationes
844 990 962 1041 istas,
989 989 1040 1032 de
1065 988 1220 1047 quibus
1245 989 1380 1032 modo
1404 988 1647 1046 loquimur,

207 1069 281 1118 per
314 1069 612 1117 testamentum,
655 1061 742 1102 vim
793 1061 919 1103 etiam
973 1059 1144 1103 haberet
1192 1072 1341 1103 contra
1387 1059 1648 1103 donationes

212 1132 315 1174 ‘inter
345 1134 472 1175 vivos.
509 1132 645 1185 Quod
679 1148 809 1175 nemo
844 1147 930 1174 non
965 1132 1081 1174 videt
1113 1147 1241 1189 quam
1275 1130 1382 1174 falso
1415 1143 1457 1174 et
1499 1131 1649 1188 inepte

215 1203 534 1248 concederetur.

335 1276 386 1318 ΙΙ.
422 1275 702 1318 Affirmamus
737 1275 921 1331 secundo,
956 1276 1020 1317 ius
1069 1273 1266 1330 testandi,
1298 1272 1417 1331 quod
1463 1272 1649 1316 alicuius

215 1348 276 1390 rei
310 1347 492 1390 domino
531 1348 753 1403 competit,
788 1346 1020 1404 procedere
1069 1345 1117 1388 ab
1165 1347 1260 1403 ipso
1310 1346 1402 1388 iure
1448 1345 1649 1388 naturali,

215 1578 267 1604 est
295 1567 469 1615 quaedam
496 1567 614 1601 cessio
633 1578 694 1601 seu
714 1567 864 1601 donatio.
892 1566 963 1600 Sed
992 1565 1107 1612 qualis
1121 1565 1272 1600 donatio
1285 1566 1480 1600 estPestne
1494 1565 1649 1599 donatio·

215 1628 449 1662 conditionata
476 1640 521 1662 an
547 1638 633 1661 vero
660 1626 839 1661 absoluta?
877 1626 911 1661 Si
938 1625 975 1669 α)
1005 1625 1168 1670 concipis
1195 1634 1229 1660 et
1256 1625 1347 1659 dicis
1385 1633 1647 1659 testamentum

215 1699 293 1723 esse
305 1688 543 1723 donationem
558 1687 827 1722 conditionatum
839 1685 1035 1720 habentem
1051 1696 1115 1730 pro
1127 1685 1340 1720 conditione
1354 1683 1487 1725 factum
1503 1683 1650 1726 mortis,

214 1756 301 1783 tunc
329 1760 415 1783 sane
435 1757 542 1794 patet,
560 1755 817 1782 testamentum
846 1756 925 1781 esse
946 1742 1298 1790 dispositionem‘rei
1317 1742 1486 1790 propriae
1512 1741 1644 1776 factam

214 1811 250 1844 in
275 1809 361 1843 vita.
388 1807 532 1841 Etenim
561 1807 594 1840 in
623 1804 821 1840 donatione
847 1807 1108 1845 conditionata,
1135 1802 1328 1848 dispositio
1369 1813 1442 1836 non
1481 1800 1652 1836 consistit

214 1871 250 1904 in
278 1877 409 1903 eventu
435 1865 519 1901 facti
548 1877 612 1911 pro
641 1865 855 1900 conditione
882 1865 1057 1911 appositi:
1097 1870 1249 1897 eventus
1287 1861 1346 1895 hic
1382 1854 1652 1894 tantummodo

156 1945 162 1950 ·
215 1929 418 1975 requiritur,
446 1935 484 1961 ut
511 1924 704 1971 dispositio
732 1924 822 1959 olim
849 1925 943 1959 facta
970 1935 1076 1959 suum
1102 1923 1232 1957 habeat
1273 1919 1457 1954 effectum.
1494 1918 1531 1954 Si
1558 1928 1651 1952 vero

215 1989 252 2033 Ι3)
280 1986 444 2032 concipis
470 1994 504 2020 et
532 1984 619 2019 dicis
645 1993 906 2020 testamentum
935 1995 1014 2018 esse
1042 1982 1280 2017 donationem
1307 1978 1498 2013 absolutam
1514 1976 1650 2012 factam

215 2048 252 2082 in
279 2046 408 2081 limine
434 2045 541 2087 vitae,
567 2052 652 2079 tunc
681 2044 791 2078 etiam
818 2052 928 2088 patet,
955 2049 1216 2077 testamentum
1245 2048 1324 2073 esse
1363 2034 1646 2083 dispositionem

215 2107 265 2142 rei
291 2105 456 2153 propriae
482 2102 616 2138 factam
643 2104 678 2137 in
705 2103 790 2137 vita.
831 2102 968 2143 Quaeri
994 2098 1255 2136 tantummodo
1297 2104 1433 2143 potest‚.
1457 2089 1653 2142 quomodo·

216 2164 457 2212 concipiendo
484 2172 744 2199 testamentum
772 2171 810 2196 ut
837 2161 1080 2196 donationem
1109 2157 1317 2194 absolutam
1344 2155 1478 2190 factam
1504 2155 1541 2190 in
1581 2165 1646 2189 su·-

216 2237 342 2272 premo
369 2226 465 2259 vitae
491 2223 646 2264 instanti,
673 2223 848 2257 habeatur
874 2221 907 2255 id
928 2219 1025 2267 quod
1052 2228 1104 2254 est
1130 2218 1174 2253 de
1191 2226 1321 2252 natura
1347 2215 1568 2258 testamenti,
1586 2214 1649 2248 ni-
1680 2229 1686 2235 ·

217 2287 353 2320 mirum
380 2283 475 2331 quod
503 2283 547 2317 sit
572 2281 773 2318 revocabile.
801 2280 936 2315 Verum
965 2280 1034 2314 hoc
1061 2278 1171 2313 etiam
1201 2278 1362 2311 habetur.
1379 2275 1478 2310 Nam
1495 2273 1646 2308 donatio

218 2345 312 2381 sacta
338 2346 374 2379 in
400 2343 555 2378 articulo
582 2342 645 2377 illo
673 2341 800 2378 mortis
828 2350 879 2376 est
899 2348 1025 2374 natura
1053 2349 1116 2372 sua
1135 2335 1371 2384 revocabilis.-
1386 2331 1564 2380 siquidem
1583 2331 1651 2366 do·

217 2406 331 2448 natio,
360 2413 501 2439 mutato
527 2412 620 2438 statu
648 2401 848 2442 donatoris,
875 2408 925 2434 est
953 2406 1080 2432 natura
1107 2407 1172 2431 sua
1197 2393 1426 2430 revocabilis.
1451 2389 1671 2434 Quemad»
1731 2415 1733 2418 .

217 2464 369 2500 modum
396 2464 426 2497 si
452 2463 608 2497 donator
633 2473 651 2496 e
679 2461 786 2496 divite
821 2459 883 2494 fiat
924 2467 1070 2504 pauper,
1097 2463 1218 2502 potest
1259 2452 1497 2488 donationem
1534 2448 1647 2484 etiam

218 2524 382 2560 absolute
408 2523 539 2557 factam
567 2531 751 2562 revocare,
776 2520 823 2554 ita
850 2517 1093 2552 donationem
1113 2513 1246 2550 factam
1274 2513 1311 2547 in
1329 2509 1490 2558 periculo
1517 2508 1649 2543 mortis

218 2594 389 2621 revocare
408 2590 541 2629 potest,
559 2580 586 2615 si
607 2591 650 2614 eo
670 2587 834 2614 cessante
853 2575 1016 2623 periculo
1037 2573 1278 2610 convalescat.
1297 2570 1374 2607 Cfr.
1389 2579 1506 2615 super.
1520 2579 1554 2614 p.
1571 2575 1652 2615 309.
