1737 2802
666 114 723 123 -·
761 103 838 145 145
874 114 931 123 ·-·
1234 157 1239 161 ⁴

82 185 242 229 locum.
276 187 343 229 De
376 200 517 229 cetero
557 203 577 226 «
611 186 652 227 in
675 201 779 242 pura
803 199 964 240 natura,
989 197 1033 227 ut
1057 184 1228 228 disserit
1251 185 1408 227 Suarez
1432 185 1505 241 (1),

85 255 254 301 difficile
288 256 450 317 creditu
475 270 553 310 est,
576 256 761 300 futuram
786 256 917 300 fuisse
940 268 1194 315 potestatem
1219 256 1507 314 dispensandi,

85 328 205 386 quasi
230 328 534 386 proprietatem
569 340 903 386 consequentem
929 341 1139 385 naturam,
1163 329 1272 371 sicut
1295 341 1405 371 esset
1431 344 1506 386 po-

83 410 212 442 testas
245 398 509 456 gubernandi
544 398 865 456 rempublicam,
904 413 989 442 tam
1040 401 1081 442 in
1131 398 1329 457 politicis,
1377 415 1507 457 quam

84 471 126 512 in
160 470 224 512 his
249 486 355 528 quae
380 471 430 513 ad
457 470 711 527 religionem
737 472 958 528 pertinent.
983 471 1097 515 Nam
1122 486 1218 512 cum
1245 470 1507 528 dispensatio

84 541 270 585 includat
304 542 701 599 interpretationem
736 542 964 585 voluntatis
989 544 1068 586 Dei
1099 543 1217 599 quasi
1251 542 1509 585 remittentis

84 612 274 657 debitum
308 615 349 656 in
383 613 453 656 tali
486 613 552 656 vel
585 613 652 656 tali
690 630 803 667 casu,
838 615 879 657 in
927 630 1013 672 quo
1048 616 1137 672 ipsa
1181 613 1386 671 obligatio
1435 629 1510 671 per

85 701 128 728 se
161 698 232 729 aut
265 684 428 728 seclusa
461 685 777 742 dispensatione
810 701 897 728 non
933 699 1128 743 cessaret,
1160 687 1229 728 vix
1262 685 1374 728 credi
1422 700 1508 742 po-

85 769 182 812 test,
218 768 473 814 potestatem
508 755 558 798 ad
594 755 721 799 talem
756 756 1083 799 declarationem
1120 755 1353 799 faciendam
1388 756 1510 814 sequi

85 842 135 870 ex
165 828 206 870 vi
241 827 375 870 solius
409 840 595 871 naturae.
633 828 745 880 Quis
780 829 894 870 enim
930 841 1073 885 potest
1097 844 1170 885 per
1195 829 1405 871 rationem
1430 843 1508 871 na-

84 899 266 942 turalem
302 898 510 942 declarare
561 898 872 956 beneplacitum
908 900 1008 955 Dei,
1040 899 1106 942 vel
1140 899 1365 957 quomodo
1410 915 1511 942 con-

85 983 193 1013 stare
226 983 372 1028 posset
406 985 711 1013 consensuram
747 970 935 1013 divinam
971 970 1238 1014 voluntatem
1273 971 1316 1012 in
1355 971 1512 1013 remis-

85 1044 206 1086 sione
240 1041 369 1085 debiti
406 1057 504 1085 cum
539 1042 728 1086 hominis
762 1041 957 1085 arbitrio?
992 1043 1050 1085 Ut
1083 1043 1197 1085 enim
1233 1041 1354 1085 nobis
1404 1057 1513 1085 con-

85 1126 231 1171 staret,
264 1114 553 1156 necessarium
587 1112 680 1170 fuit,
714 1125 759 1156 ut
796 1113 996 1156 Christus
1031 1113 1196 1166 dixerit,
1235 1112 1375 1156 soluta
1421 1112 1513 1156 fore

86 1187 128 1228 in
163 1186 304 1242 caelis,
337 1201 444 1243 quae
481 1187 634 1229 Petrus
673 1185 874 1229 solveret.
925 1189 982 1230 At
1030 1201 1104 1243 per
1151 1186 1362 1229 rationem
1410 1185 1515 1228 nihil

84 1256 163 1300 tale
197 1256 262 1300 vel
295 1256 434 1299 simile
468 1257 595 1299 etiam
630 1256 771 1314 quoad
807 1256 995 1314 aliquam
1030 1257 1399 1314 participationem
1436 1272 1514 1299 co-

85 1329 209 1386 gitari
244 1340 424 1386 poterat.
456 1328 593 1384 Igitur
626 1328 659 1370 si
695 1328 737 1370 in
772 1328 844 1370 illo
875 1340 985 1370 statu
1011 1341 1153 1371 essent
1174 1340 1288 1385 vota,
1311 1326 1516 1371 servanda

86 1412 240 1456 essent,
275 1399 410 1442 donec
443 1411 557 1441 tanta
589 1398 709 1442 fieret
743 1400 925 1442 mutatio
960 1414 1121 1456 rerum,
1155 1411 1201 1442 ut
1224 1414 1376 1443 eorum
1411 1399 1516 1443 obli-

85 1471 202 1529 gatio
236 1483 432 1528 cessaret,
466 1472 579 1514 iuxta
623 1470 817 1528 regulam
856 1487 985 1529 supra
1033 1472 1219 1529 positam
1270 1487 1368 1514 cum
1416 1486 1517 1529 pro-

86 1543 287 1601 portione
319 1542 584 1601 applicatam.
618 1543 670 1586 Et
703 1542 800 1586 licet
835 1543 918 1586 hoc
952 1544 1102 1600 iugum
1138 1555 1250 1586 esset
1297 1558 1426 1601 grave
1474 1555 1516 1587 et

87 1613 258 1658 difficile
291 1615 342 1658 ad
376 1614 707 1672 observandum,
740 1628 882 1658 tamen
917 1614 1185 1673 imperfectio
1219 1627 1392 1659 naturae
1435 1615 1515 1658 hu-

88 1701 236 1730 manae
270 1685 348 1729 sibi
382 1686 550 1729 relictae
584 1685 649 1728 his
684 1699 724 1729 et
756 1686 1022 1743 gravioribus
1057 1686 1177 1729 malis
1211 1685 1401 1729 subiecta
1437 1698 1516 1743 est,

88 1757 242 1816 quibus
275 1773 349 1815 per
381 1758 558 1814 gratiam
595 1757 756 1800 Christi
791 1756 1049 1800 subventum
1085 1769 1199 1800 est.»
1232 1783 1284 1788 —
1311 1756 1516 1802 Obiicies.

86 1830 254 1872 Votum
288 1840 350 1871 est
383 1827 448 1870 lex
481 1827 670 1871 hominis
706 1828 877 1886 privata.
911 1828 1042 1886 Atqui
1076 1827 1144 1871 lex
1177 1844 1251 1886 per
1284 1827 1398 1871 illam
1431 1843 1517 1871 vo·-

86 1898 308 1952 luntatem,
342 1914 416 1956 per
450 1914 578 1957 quam
612 1898 691 1941 lata
723 1912 800 1955 est,
825 1911 966 1956 potest
999 1897 1155 1942 auferri
1182 1899 1247 1942 vel
1271 1900 1514 1958 temperari.

88 1971 206 2028 Ergo
238 1982 388 2013 votum
422 1969 513 2013 tolli
549 1982 690 2027 potest
722 1970 786 2013 vel
821 1970 956 2013 minui
990 1986 1062 2028 per
1090 1970 1354 2014 voluntatem
1376 1970 1514 2028 ipsius

89 2042 301 2085 voventis.
326 2042 474 2095 Quare
498 2056 659 2085 vovens
683 2054 723 2084 et
746 2056 858 2084 nunc
882 2042 924 2084 in
955 2042 1165 2099 praesenti
1190 2042 1340 2085 ordine
1365 2053 1518 2100 potest,

92 2125 132 2158 et
162 2113 206 2156 in
237 2125 349 2157 statu
384 2114 512 2157 etiam
546 2128 675 2171 purae
698 2126 872 2156 naturae
895 2114 1107 2171 potuisset
1131 2114 1323 2171 seipsum
1347 2114 1520 2172 propria

91 2185 254 2243 privata
285 2185 535 2228 auctoritate
569 2184 814 2242 dispensare
862 2186 902 2228 in
942 2197 1059 2228 voto.
1110 2184 1370 2243 Respondeo
1418 2201 1519 2229 cum

93 2254 248 2300 eodem
270 2256 429 2299 eximio
452 2256 631 2300 doctore
653 2256 722 2311 (2):
753 2257 832 2300 «In
856 2256 938 2300 hoc
962 2255 1100 2300 differt
1124 2257 1191 2300 lex
1213 2257 1388 2315 privata,
1411 2272 1519 2316 quae

186 2486 240 2534 (1)
266 2488 322 2522 De
347 2496 435 2523 voto
465 2487 489 2523 l.
515 2487 578 2522 VI.
606 2499 635 2522 c.
663 2498 696 2534 9.
719 2499 818 2523 num.
848 2497 905 2523 20.

190 2546 246 2592 (2)
272 2546 328 2582 De
354 2546 444 2590 aliis,
471 2558 562 2595 quae
588 2547 727 2583 institui
756 2557 914 2594 possent,
941 2548 1036 2583 circa
1074 2557 1201 2583 votum
1241 2547 1517 2596 quaestionibus

1384 2628 1429 2655 10
