1737 2802
644 117 914 160 -ψ-

52 213 283 242 summum
316 197 432 242 nefas
466 198 601 242 civilis
634 199 783 257 aliquis
818 200 1093 256 magistratus
1138 200 1283 242 virum
1332 200 1490 244 milita-

60 284 165 324 rem,
198 269 272 327 qui
305 268 519 326 singulare
553 282 769 314 certamen
801 285 890 313 non
915 268 1064 314 offerat
1096 269 1163 314 vel
1197 270 1387 314 oblatum
1424 288 1492 315 ac-

58 353 228 399 ceptare
250 353 432 398 recuset,
455 339 600 384 officio
624 343 822 399 privaret;
841 340 1094 385 huiusmodi
1119 340 1350 399 dispositio
1374 355 1489 385 esset

62 412 249 454 maxima
280 412 483 470 iniquitas
509 412 586 469 (Ι),
609 428 717 470 quae
744 425 889 456 tamen
912 428 1001 455 non
1027 412 1111 456 hoc
1139 412 1305 456 efficere
1328 425 1489 470 posset,

59 495 107 526 ut
139 482 299 526 oblatio
334 483 464 525 duelli
499 484 564 526 vel
597 486 687 527 eius
721 484 954 541 acceptatio
988 499 1077 526 non
1111 485 1166 526 sit
1199 482 1377 527 violatio
1412 483 1489 527 do-

59 554 184 598 minii
217 555 301 597 Dei
335 555 443 598 circa
477 556 609 598 vitam
643 555 888 608 hominum,
933 566 979 597 ut
1029 554 1287 612 explicatum
1335 567 1413 609 est,
1449 568 1489 598 et

65 625 247 684 proinde
280 627 391 670 actio
427 643 501 685 per
534 643 579 670 se
611 626 736 670 mala.

152 697 260 756 ⁷2².)
292 698 498 741 Excusari
522 706 691 756 possunt
723 699 859 755 etiam,
895 698 1056 742 honoris
1106 698 1246 741 tuendi
1295 699 1358 741 vel
1406 699 1487 741 lm-

63 784 211 812 manae
248 768 528 828 vilipensionis
573 769 768 813 vitandae
813 770 965 827 gratia,
1002 769 1181 813 duellam
1229 778 1488 828 acceptantes,

56 840 125 883 vel
155 840 211 884 ad
243 842 377 898 ipsum
404 849 691 899 provocantes,
717 841 877 900 qnando
901 850 1002 885 certo
1036 846 1180 894 sciunt,
1200 849 1385 899 pugnam
1408 855 1488 883 non

54 925 135 955 esse
165 920 411 965 secuturam,
447 920 582 970 utpote
615 911 666 955 ab
698 913 793 955 aliis
828 911 1137 970 impediendam.

178 983 348 1026 Etenim
383 984 426 1041 ii,
459 984 531 1041 qui
564 984 626 1026 sic
674 983 867 1027 duellum
903 974 1102 1027 'offerunt
1135 983 1204 1027 vel
1252 996 1488 1041 acceptant,

54 1069 320 1098 consensum
346 1055 444 1098 dant
478 1071 553 1098 seu
579 1048 732 1099 habent
764 1055 1031 1098 voluntatem
1057 1055 1246 1113 ponendi
1272 1057 1487 1099 actionem

59 1141 136 1183 per
158 1142 202 1169 se
227 1141 421 1184 pravam,
457 1126 523 1170 vel
556 1126 705 1170 saltem
729 1127 934 1170 simulant
968 1143 1011 1169 se
1035 1125 1142 1170 velle
1176 1128 1290 1171 serio
1324 1143 1486 1184 ponere

55 1197 270 1240 actionem
305 1213 380 1255 per
414 1213 458 1240 se
492 1213 679 1255 pravam.
708 1199 811 1242 Non
845 1197 989 1241 solum
1013 1211 1156 1240 autem
1192 1210 1255 1241 est
1288 1197 1487 1241 illicitum

58 1280 221 1323 ponere
253 1267 467 1310 actionem
517 1283 706 1326 pravam,
740 1268 813 1312 sed
864 1269 1009 1325 etiam,
1042 1281 1089 1311 ut
1137 1269 1345 1321 diximus,
1379 1268 1488 1311 velle

61 1353 222 1395 ponere
255 1351 326 1381 aut
359 1339 562 1382 simulare
595 1354 639 1382 se
672 1338 778 1382 velle
801 1340 915 1382 serio
950 1353 1110 1396 ponere
1139 1339 1353 1382 actionem
1388 1353 1488 1396 pra-

55 1423 154 1452 vam
187 1411 262 1468 (2).
297 1435 356 1443 —
386 1410 507 1454 [dem
541 1410 770 1454 dicendum
819 1408 932 1453 foret
971 1409 1022 1453 de
1056 1410 1121 1468 iis,
1149 1410 1221 1467 qui
1269 1408 1486 1466 singulare

56 1482 140 1526 hoc
173 1495 388 1526 certamen
419 1483 587 1536 inirent,
612 1497 710 1525 cum
745 1495 870 1539 pacto
906 1497 950 1524 se
974 1496 1064 1524 non
1095 1480 1303 1524 laedendi:
1328 1481 1411 1524 nisi
1435 1497 1487 1524 ex

55 1552 266 1597 adiunctis
300 1553 521 1597 evidenter
553 1567 771 1611 appareret
807 1552 1011 1596 omnibus
1055 1553 1320 1610 singularem
1364 1552 1487 1595 illam

54 1640 245 1682 pugnam
279 1640 371 1667 esse
404 1623 630 1678 ludicram,
665 1637 709 1667 ut
742 1623 788 1667 fit
811 1641 846 1667 e.
881 1640 922 1681 g.
956 1625 998 1666 in
1031 1624 1222 1668 theatris.

174 1695 254 1754 3².)
292 1696 387 1739 Non
420 1697 637 1739 incurrunt
668 1696 944 1739 ecclesiasticas
974 1704 1141 1754 poenas,
1174 1703 1312 1739 contra
1356 1695 1476 1738 duel-

53 1767 187 1811 lantes
219 1767 340 1823 latas,
373 1767 459 1811 dax
491 1768 553 1810 vel
577 1766 759 1825 officialis
793 1767 964 1810 militiae
989 1775 1200 1825 acceptans
1231 1766 1414 1810 duellum
1438 1783 1487 1811 ex

47 1840 176 1897 gravi
208 1847 314 1882 meta
346 1839 578 1883 amissionis
600 1838 749 1896 famae
781 1839 844 1881 vel
881 1838 1008 1896 officii.

174 1911 224 1954 In
258 1911 584 1956 Constitutione
618 1911 686 1954 Pii
720 1911 796 1954 IX.
838 1911 1094 1968 Apostolicae
1147 1909 1255 1953 Sedis
1297 1910 1374 1954 IV.
1421 1909 1484 1954 Id.

53 1981 157 2027 Oct.
182 1983 307 2038 1869.
327 1981 576 2039 declaratur,
601 1982 1098 2040 excommunicationem
1121 1980 1228 2024 latae
1246 1981 1482 2025 sententiae

58 2054 257 2099 Romano
290 2052 494 2097 Pontifici
528 2065 787 2096 reservatam
822 2053 1043 2095 incurrere
1081 2069 1103 2092 «
1124 2050 1315 2095 duellum
1339 2067 1490 2109 perpe-

53 2137 232 2182 trantes,
265 2137 336 2168 aut
370 2124 625 2182 simpliciter
656 2123 708 2167 ad
742 2122 848 2167 illud
892 2134 1195 2182 provocantes,
1230 2121 1297 2166 vel
1343 2123 1488 2181 ipsum

148 2380 202 2426 (1)
227 2380 324 2414 Haec
353 2381 509 2414 maxima
535 2380 703 2427 iniquitas
730 2379 861 2415 alicubi
891 2388 1128 2426 perpetratur.
1156 2380 1222 2416 Vir
1249 2380 1428 2424 militarfs,
1456 2381 1484 2415 si

49 2437 213 2473 duellum
242 2448 394 2482 recuset,
421 2438 544 2473 officio
576 2439 745 2485 privatur3
766 2439 794 2473 si
814 2447 990 2485 acceptet,
1010 2439 1045 2473 vi
1072 2438 1194 2486 legum
1217 2439 1336 2485 puniri
1366 2439 1488 2474 debet.

151 2499 208 2544 (2)
233 2498 368 2535 Recole
381 2510 421 2535 ea
436 2509 526 2546 quae
541 2498 584 2533 de
602 2498 808 2534 idololatria
823 2498 983 2533 simulata
999 2498 1153 2534 diximus
1171 2509 1291 2545 super.
1310 2498 1403 2534 thes.
1420 2499 1485 2534 IX.

57 2567 141 2603 pag.
175 2567 248 2604 123.
