1737 2802
0 0 236 56 ΡἾίᾞῆὶῖῑπ

0 32 96 85 m!

652 167 708 175 —
744 155 791 197 51
834 167 886 174 ...-

177 243 238 287 Ut
269 253 410 285 autem
446 239 673 282 intrinsem
706 237 833 280 liuius
868 236 926 279 rei
960 235 1066 278 ratio
1117 235 1268 277 clarius
1317 234 1480 278 intelli-

50 325 198 372 gatur,
222 312 323 356 haec
346 310 496 354 addam
520 321 782 367 argumenta.
809 333 865 341 —
893 308 927 351 Ι.
952 305 1342 360 Quemadmodum
1366 319 1481 350 recte

44 384 251 442 quuitur
283 398 315 426 S.
351 381 550 426 Thomas
600 379 686 438 (Ι),
726 376 984 437 «quimdiu
1030 375 1179 434 aliquis
1230 376 1368 434 debet,
1419 390 1483 421 est

51 451 387 514 quodammodo
420 467 586 507 servuS,
620 462 660 493 et
694 451 761 493 cui
795 448 931 506 debet,
965 447 1177 505 obligatur
1211 465 1264 491 υ.
1299 449 1361 491 Ex
1394 464 1481 506 quo

53 527 270 586 ¹principio
303 527 362 568 sic
394 538 543 580 arguo.
569 522 614 566 Si
634 522 768 565 homo
795 485 947 563 moraii
971 519 1114 563 debito
1138 519 1482 576 adstringeretur

61 613 151 655 erga
197 596 334 650 bruta,
385 607 495 638 esset
543 592 868 651 quodammodo
917 607 1063 635 servus
1096 592 1306 649 ipsorum.
1351 592 1484 649 Atqui

62 669 200 712 homo
233 667 350 710 nullo
385 678 507 723 pacto
551 676 693 722 potest
738 678 829 706 esse
878 678 1024 706 servus
1073 661 1315 705 brutorum.
1366 663 1481 720 Ergo

7 738 9 741 ’
58 740 200 784 'homo
233 720 380 796 nequit
413 735 565 779 morali
600 734 741 778 debito
775 734 980 790 adstringi
1016 749 1115 790 erga
1146 732 1280 777 bruta.
1334 734 1484 777 Minor

68 809 283 869 probatur.
318 809 486 852 Etenim
523 806 658 848 honio
692 817 754 848 est
782 813 946 862 propter
995 820 1032 848 se
1078 803 1163 862 (2),
1212 803 1333 846 bruta
1381 820 1484 848 vero

59 889 224 940 propter
257 882 405 938 ipsum:
438 893 593 935 nempe
626 876 762 919 homo
797 888 859 918 est
891 874 1136 918 naturaliter
1178 874 1367 918 dominus
1388 874 1485 918 bru—

59 966 225 1007 torum,
259 967 366 1010 quae
400 962 498 993 sunt
531 948 719 992 totaliter
751 947 822 1007 (3)
854 946 1021 991 addicta
1045 947 1213 990 utilitati
1238 963 1283 989 ac
1307 948 1484 990 servitio

65 1024 215 1082 ipsius.
238 1023 351 1066 Hinc
376 1021 530 1065 dicitur
553 1019 636 1078 (4):
668 1018 859 1063 «Omnia
883 1018 1085 1062 subiecisti
1107 1018 1180 1060 suh
1196 1017 1365 1076 pedibus
1386 1020 1487 1075 eius,

158 1226 215 1271 (1)
239 1224 447 1259 Comment.
475 1222 511 1255 in
539 1221 642 1266 epist.
670 1220 712 1254 ad
738 1221 845 1255 Rom.
873 1231 951 1264 cap.
977 1220 1074 1254 VIII.
1102 1219 1182 1254 lect.
1212 1229 1242 1253 2.
1270 1220 1326 1254 Ad
1354 1219 1488 1266 princi-

66 1287 166 1332 pium
192 1283 261 1318 hoc
289 1281 577 1317 confirmandum
605 1280 701 1314 addit
728 1279 830 1321 illud,
857 1281 962 1314 Proin
991 1289 1060 1313 22.
1091 1279 1162 1323 Om
1186 1280 1308 1326 accipit
1327 1285 1491 1318 mutuum

69 1355 184 1380 servus
209 1347 254 1377 est
275 1341 495 1387 soeanantis

164 1403 221 1448 (2)
248 1402 333 1443 Quo
362 1411 468 1435 sensu
497 1399 632 1434 dicatur
666 1399 855 1433 hominem
895 1409 972 1432 esse
995 1403 1138 1445 propter
1177 1409 1219 1439 se,
1251 1408 1367 1434 cetera
1407 1410 1492 1433 vero

63 1467 207 1510 propter
235 1463 356 1507 ipsum,
383 1460 433 1494 sic
459 1458 609 1505 explicat
635 1470 663 1493 s.
693 1457 871 1500 Thomas,
900 1469 929 1492 c.
950 1467 1046 1504 gent.
1075 1458 1097 1492 l.
1120 1458 1180 1492 III.
1201 1470 1229 1492 c.
1263 1468 1352 1492 112.:
1386 1473 1403 1489 «
1423 1460 1496 1494 Per

69 1520 138 1555 hoc
167 1519 263 1566 quod
290 1519 442 1553 dicimus
470 1518 684 1552 substantias
712 1516 975 1551 intellectuales
997 1521 1140 1563 propter
1165 1528 1196 1550 se
1223 1528 1242 1550 a
1269 1517 1390 1551 divina
1416 1528 1496 1563 pro-

69 1579 226 1614 videntia
243 1578 410 1619 ordinari,
430 1588 503 1611 non
533 1576 769 1623 intelligimus
796 1575 892 1621 quod
919 1576 993 1620 ipsa
1019 1574 1167 1610 ulterius
1192 1587 1267 1610 non
1295 1575 1498 1610 referantur

69 1640 106 1673 in
131 1640 250 1673 Deum
277 1647 311 1672 et
337 1637 380 1671 ad
407 1635 668 1682 perfectionem
697 1635 862 1669 universi.
891 1635 948 1670 Sic
977 1636 1085 1681 igitur
1108 1641 1251 1681 propter
1288 1646 1320 1669 se
1358 1647 1496 1684 procu-

67 1698 134 1733 rari
163 1697 338 1739 dicuntur,
366 1705 399 1730 et
427 1696 493 1731 alia
518 1702 660 1741 propfer
686 1695 770 1741 ipsu,
798 1695 878 1741 quia
907 1695 1002 1728 bona
1031 1706 1121 1740 quae
1151 1703 1301 1740 propter
1337 1695 1496 1729 divinam

72 1755 336 1802 providentiam
366 1754 580 1797 sortiuntur,>
595 1764 669 1786 non
690 1753 740 1786 eis
760 1762 841 1787 sunt
865 1752 944 1786 data
970 1761 1115 1798 propter
1133 1752 1278 1787 alterius
1296 1754 1500 1796 utilitatem,

63 1825 163 1861 quae
182 1825 268 1848 vero
287 1813 366 1848 aliis
393 1811 531 1854 dantur,
551 1812 585 1845 in
605 1822 731 1845 eorum
754 1822 857 1845 usum
882 1822 924 1845 ex
941 1810 1062 1845 divina
1078 1811 1306 1846 ordinatione
1326 1811 1496 1848 cedunt.»

168 1873 225 1917 (3)
253 1871 334 1906 Dixi
362 1872 525 1905 totaliter.
554 1871 633 1905 Hoc
661 1869 759 1904 enim
786 1870 986 1904 discrimen
1019 1870 1209 1905 intercedit
1235 1871 1327 1905 inter
1352 1871 1502 1905 servitu-

69 1941 144 1967 tem
171 1933 358 1966 brutorum
385 1939 419 1965 et
446 1930 656 1964 servitutem
683 1928 890 1971 hominum,
920 1928 1016 1975 quod
1049 1930 1200 1964 servitus
1240 1930 1426 1964 brutorum
1465 1929 1500 1963 in

73 1996 181 2025 totum
206 1991 341 2024 brutum
370 1989 568 2030 descendit,
596 1999 671 2022 non
700 1989 747 2023 ita
775 1989 932 2022 servitus
958 1988 1165 2023 hominum.
1193 1989 1287 2023 Hinc
1314 1998 1410 2024 recte
1435 1989 1500 2024 Se—

73 2061 178 2092 neca,
206 2050 241 2083 in
273 2058 303 2093 3.
332 2049 377 2083 de
404 2047 532 2083 anef.
565 2059 630 2093 cap
671 2058 726 2082 2ο.
755 2049 788 2081 in
817 2048 947 2093 princ.:
982 2062 997 2079 a
1012 2048 1124 2089 Errat,
1156 2048 1183 2082 si
1212 2048 1289 2094 quis
1325 2049 1504 2083 existimat
1548 2046 1556 2053 “

63 2109 284 2145 ,εεῐνίωῐειτι
311 2109 351 2141 in
379 2112 490 2142 totum
517 2108 685 2142 hominem
712 2106 943 2141 descendere:
972 2118 1053 2152 pars
1079 2106 1176 2142 enim
1202 2106 1331 2141 melior
1357 2115 1504 2153 excepta

75 2178 141 2204 est:
169 2179 322 2214 corpora
349 2169 497 2214 (neque,
527 2179 568 2202 ex
598 2167 687 2211 toto)
723 2167 886 2201 obnoxia.
923 2175 1005 2200 sunt
1044 2174 1078 2201 et
1117 2166 1301 2212 adscripta
1338 2165 1505 2209 dominis,

75 2239 178 2262 mens
205 2227 348 2274 quidem
375 2236 428 2261 est
454 2227 506 2261 sui
534 2226 634 2260 iuris.
657 2239 675 2258 >›
704 2225 760 2261 Cf.
791 2236 816 2259 s.
847 2224 1045 2268 Thomam,
1073 2235 1104 2260 2.
1134 2235 1165 2260 2.
1193 2237 1225 2272 q.
1248 2236 1325 2260 122.
1351 2237 1381 2260 a.
1409 2235 1442 2268 4.
1462 2226 1506 2261 ad

78 2293 141 2330 3³¹2:
169 2299 201 2333 q.
233 2295 307 2328 104.
334 2297 365 2319 a.
395 2296 424 2329 5.
458 2286 506 2320 At
533 2286 636 2319 bruta
664 2289 824 2331 quantum
852 2283 895 2318 ad
921 2285 1036 2318 omnia
1063 2293 1144 2319 sunt
1171 2284 1313 2319 homini
1332 2285 1505 2320 subiecta:

75 2357 119 2380 eo
146 2345 259 2380 modo
288 2356 359 2392 quo
383 2345 417 2377 ἀ
433 2346 514 2380 Deo
556 2344 744 2379 subiicitur
771 2344 885 2378 homo
913 2343 1126 2390 simpliciter
1156 2344 1271 2390 quoad
1311 2345 1436 2379 omnia
1473 2352 1509 2378 et

75 2405 246 2439 interiora
273 2413 308 2439 et
335 2404 521 2447 exteriora,
539 2418 556 2436 »
588 2412 626 2438 ut
652 2402 760 2437 habet
788 2414 814 2437 S.
843 2402 1022 2446 Thomas,
1051 2402 1072 2438 l.
1103 2403 1162 2438 cit.

167 2463 222 2509 (4)
249 2462 383 2500 Psalm.
409 2463 506 2497 VIII.
533 2463 566 2497 8.
596 2463 639 2496 Et
667 2462 814 2497 Deuter.
841 2461 902 2496 IV.
935 2471 1000 2507 19.:
1032 2475 1050 2494 «
1081 2462 1136 2496 Ne
1161 2462 1284 2497 videas
1333 2460 1454 2496 solem
1474 2470 1510 2496 et

74 2521 198 2556 lunam
225 2531 259 2557 et
284 2521 409 2555 omnia
435 2529 528 2555 astra
554 2520 653 2557 caeli.
680 2529 713 2555 et
741 2530 861 2554 errore
889 2519 1063 2566 deceptus
1091 2520 1232 2555 adores
1259 2531 1310 2563 ea,
1337 2529 1372 2554 et
1398 2520 1508 2563 colas,

59 2591 161 2626 -quae
188 2580 324 2615 creavit
350 2580 532 2615 Dominus
558 2581 656 2615 Deus
684 2588 768 2614 tuus
795 2579 832 2613 in
882 2579 1124 2614 ministerium
1168 2579 1306 2614 cunctis
1331 2579 1510 2626 gentibus,

80 2650 179 2687 quae
205 2641 270 2674 sub
297 2640 398 2675 caelo
425 2648 520 2674 sunt.
538 2653 555 2671 »
