1737 2802
1547 0 1605 27 4³3,ae
1617 0 1644 17 π)
1653 0 1671 19 ι,
1681 0 1737 27 1³3]

1645 27 1653 41 ι
1715 31 1718 34 Δ

261 236 349 277 rius
386 234 608 278 infundere
643 234 812 279 falsum.
836 260 891 268 —
916 235 1039 288 Quid
1063 251 1167 292 ergo
1202 235 1431 279 dicendum
1459 236 1510 280 de
1532 238 1598 296 iis,
1621 241 1694 296 qui

263 307 461 349 consulto
497 305 695 348 imbuunt
731 306 913 349 aliorum
949 307 1116 349 animos
1142 306 1268 364 falsis
1318 319 1358 350 et
1401 309 1549 366 pravis
1595 311 1697 366 opi-

261 378 492 421 nionibus?
528 378 583 419 Hi
618 377 776 420 scilicet
801 391 899 420 sunt
923 377 1062 420 multo
1088 379 1253 434 peiores
1279 378 1374 436 illis,
1397 380 1469 437 qui
1494 381 1697 437 proximo

261 462 417 492 nocent
452 450 493 491 in
528 448 652 491 bonis
688 449 882 505 corporis
917 463 987 491 aut
1021 447 1231 493 fortunae:
1265 449 1438 493 laedunt
1472 452 1588 494 enim
1634 451 1728 511 id„

261 521 378 578 quod
413 533 475 563 est
510 521 550 562 in
587 519 764 562 homine
801 521 1233 577 praestantissimum,
1256 520 1697 566 videlicet‘animum.

262 595 458 650 Insuper,
493 606 538 635 ut
572 605 684 634 reete
720 593 774 634 ait
808 591 1018 634 Solimani
1053 591 1135 649 (1),
1177 608 1363 636 «semen
1397 594 1555 636 iaciunt
1601 609 1704 637 sce-

260 664 399 707 lerum
435 664 788 719 omnigenorum.
825 663 1072 719 Depravato
1107 664 1219 706 enim
1270 663 1506 717 intellectu,
1542 680 1695 708 neces-

261 738 373 780 sario
408 736 661 793 depravatur
695 734 909 791 voluntas,
934 747 1060 792 atque
1094 734 1192 777 inde
1218 751 1291 793 per
1324 748 1460 779 totam
1493 737 1603 780 vitae
1627 752 1699 779 ra-

260 810 425 851 tionem
461 808 640 850 crimina
672 819 921 857 erumpunt.
956 807 1125 850 Scilicet
1158 807 1183 848 ii
1217 819 1316 849 sunt
1359 808 1559 851 omnium
1609 808 1694 851 ho-

261 881 428 922 minum
465 878 776 930 scelestissimi,
811 879 883 936 qui
917 895 967 920 ex
1000 880 1156 935 pravis,
1190 894 1293 936 quas
1328 880 1474 922 animo
1508 878 1693 923 imbibe-

260 964 373 1004 runt,
409 951 630 993 sententiis
666 949 774 992 male
808 963 953 1007 agunt.
989 951 1063 992 Isti
1097 951 1212 992 enim
1241 949 1390 993 delicta
1422 951 1692 1008 turpissima,

261 1024 381 1080 quasi
409 1020 618 1079 praeclara
642 1020 851 1078 quaedam
876 1020 1076 1077 facinora,
1101 1020 1408 1064 audentissime
1433 1034 1693 1079 perpetrant.

262 1095 352 1147 Qui
387 1107 547 1146 autem,
589 1109 662 1136 seu
711 1093 1026 1136 vehementiori
1077 1093 1219 1151 aliquo
1268 1094 1399 1136 animi
1448 1107 1586 1148 motu,
1619 1111 1694 1138 seu

260 1166 533 1222 ignoratione
583 1165 852 1222 delinquunt,
892 1166 917 1207 ii
966 1164 1127 1208 facilius
1179 1164 1431 1224 plerumque
1477 1183 1525 1210 ac
1573 1167 1696 1225 citius

260 1237 558 1280 emendantur.
579 1254 600 1275 »
637 1262 693 1269 —
727 1238 864 1279 Porro
899 1238 1009 1279 si:ut
1044 1238 1182 1294 pravis
1212 1237 1488 1294 opinionibus
1522 1238 1696 1282 alterius

260 1322 452 1351 mentem
488 1307 672 1361 inficere,
706 1310 760 1351 ita
794 1308 1101 1352 exsecrandum
1136 1308 1273 1352 scelus
1307 1321 1385 1366 est,
1419 1311 1557 1367 pravis
1593 1325 1696 1353 con-

258 1380 362 1423 siliis
398 1393 468 1423 aut
501 1380 774 1424 suasionibus
808 1380 989 1423 alterum
1014 1380 1065 1423 ad
1102 1380 1363 1438 peccandum
1397 1380 1627 1438 impellere.

378 1453 509 1494 Hisce
543 1451 806 1494 absolvimus
829 1452 1128 1509 quaestionem
1154 1451 1204 1494 de
1228 1451 1408 1509 iniuriis,
1433 1452 1458 1494 i.
1479 1467 1514 1494 e.
1542 1451 1588 1494 de
1610 1467 1693 1494 uon

258 1522 450 1568 laedendo
471 1526 663 1582 proximo
686 1524 726 1566 in
750 1523 862 1566 bonis
882 1526 982 1580 suis,
1006 1525 1096 1566 sive
1128 1524 1303 1581 corporis
1327 1523 1470 1581 (num.
1496 1522 1702 1580 72-76.),

258 1597 347 1638 sive
381 1597 628 1639 exteriormn
660 1611 797 1639 rernm
831 1596 889 1652 (n.
914 1598 1134 1650 77-102.l,
1159 1596 1246 1637 sive
1278 1595 1442 1637 animae
1476 1594 1534 1650 (n.
1567 1600 1691 1650 1052).

258 1668 384 1720 Quae
419 1680 483 1710 est
516 1681 609 1725 apta
643 1669 899 1710 iniuriarum
934 1667 1089 1709 divisio
1125 1671 1198 1718 (2).

376 1738 515 1782 Aliam
551 1739 802 1782 earumdem
826 1739 1101 1796 partitionem
1123 1737 1249 1782 tradit
1273 1737 1446 1782 Tullius
1469 1736 1542 1796 (3)
1565 1736 1681 1780 hisce

255 1809 408 1853 verbis:
449 1811 604 1854 «Cum
638 1810 808 1854 duobus
843 1811 1000 1866 modis,
1033 1809 1075 1853 id
1122 1821 1199 1867 est,
1233 1822 1305 1853 aut
1336 1810 1380 1852 vi
1412 1822 1483 1852 aut
1520 1809 1677 1867 fraude

255 1881 326 1924 fiat
374 1883 542 1938 iniuria,
577 1881 689 1925 fraus
738 1884 858 1940 quasi
907 1881 1172 1940 vulpeculae,
1203 1883 1267 1924 vis
1315 1880 1453 1924 leonis
1501 1881 1688 1924 videtur:

256 1966 488 2010 utrumque
533 1953 712 1996 homine
755 1953 1082 2005 alienissimum,
1117 1952 1192 1996 sed
1240 1951 1353 1995 fraus
1401 1951 1504 1996 odio
1553 1951 1682 2009 digna

254 2025 432 2068 maiore.
456 2043 476 2064 »
515 2051 568 2056 —
605 2026 751 2078 Quam
788 2026 1064 2083 partitionem
1094 2025 1254 2068 Dantes
1289 2025 1492 2082 suscepit,
1525 2024 1678 2066 utiam

252 2096 336 2139 alio
360 2097 455 2139 loco
481 2096 681 2140 diximus.
716 2097 958 2153 Distinguit
991 2098 1108 2140 enim
1142 2097 1343 2140 iniuriam
1366 2097 1409 2139 in
1432 2111 1545 2148 eam,
1570 2109 1680 2153 quae

254 2170 297 2211 vi
330 2167 374 2211 fit
407 2181 447 2211 et
481 2169 524 2211 in
558 2183 652 2211 eam
688 2184 795 2226 quae
819 2168 995 2226 fraude:

350 2372 406 2416 (Ι)
434 2372 520 2407 Inst.
550 2372 621 2407 etli.
648 2371 720 2407 vol.
750 2381 776 2406 1.
805 2383 886 2418 pag.
915 2381 994 2414 254.

349 2429 401 2474 (2)
430 2429 504 2465 Csr.
530 2442 545 2464 s
583 2430 785 2472 Thomam,
814 2439 843 2464 2.
871 2440 902 2465 2.
923 2442 954 2477 q.
981 2441 1037 2475 73.
1056 2443 1086 2465 a.
1117 2438 1145 2473 3.
1174 2443 1192 2461 κ
1209 2430 1363 2472 Bonum,
1390 2427 1517 2476 inquit,
1541 2427 1686 2462 animae

254 2499 329 2522 non
358 2498 475 2534 potest
502 2489 604 2524 aliter
630 2490 672 2524 ab
701 2489 772 2523 alio
800 2488 881 2524 tolli
919 2490 986 2524 nisi
1023 2489 1293 2524 occasionaliter:
1320 2497 1404 2534 puta
1446 2497 1511 2533 per
1548 2486 1687 2521 malam

254 2550 541 2595 persuasionem,
568 2561 657 2596 quae
685 2550 938 2586 necessitatem
968 2561 1043 2591 non
1069 2548 1191 2586 infert.
1212 2564 1229 2581 »

349 2608 402 2653 (3)
427 2609 482 2643 De
509 2608 571 2643 off.
599 2609 624 2643 I.
654 2620 684 2654 3.
