1737 2802
167 230 284 274 Haec
315 245 418 274 vero
451 229 686 274 differentia
719 229 942 273 intercedit
974 228 1113 273 officia
1146 231 1256 274 inter
1290 230 1474 276 affirma-

37 303 132 345 xiva
162 314 204 346 et
233 303 446 360 negativa,
478 302 734 346 nominatim
767 302 998 355 naturalia,
1023 301 1140 360 quod
1164 305 1360 360 negativa
1387 305 1471 348 sint

38 373 185 430 :magis
218 372 487 430 universalia,
519 387 648 431 quam
682 372 945 429 affirmativa,
978 385 1072 416 tum
1113 373 1256 431 quoad
1290 383 1472 433 tempora

38 454 142 487 tum
190 444 332 502 quoad
372 453 594 503 personas:
627 469 684 478 —
717 444 859 502 quoad
903 456 1128 502 tempora,
1175 446 1273 503 quia
1320 459 1474 504 urgent

38 530 219 573 :semper
249 528 289 559 et
324 515 374 559 ad
406 531 604 574 semper:
631 541 682 547 —
709 515 849 574 quoad
899 531 1102 573 personas
1136 518 1234 574 quia
1282 516 1471 574 obligant

38 585 281 645 *quemlibet
313 599 354 630 et
387 588 428 630 in
462 586 612 630 ordine
644 587 694 630 ad
727 586 974 645 quemlibet.
1011 588 1082 631 Sic
1130 588 1248 631 nullo
1294 604 1471 646 prorsus

39 672 247 717 tempore
281 671 423 717 potest
455 660 550 717 quis
597 658 713 702 alteri
768 674 922 702 nocere
975 675 1049 716 per
1103 658 1266 703 furtum
1291 697 1301 713 ‚
1355 660 1474 704 calu-

50 731 212 774 mniam
246 743 350 774 etc..·
385 745 471 773 non
504 742 702 773 tenemur
724 742 867 773 autem
892 731 1011 773 omni
1040 742 1236 788 ternpore
1258 731 1473 776 honorare

43 814 260 860 parentes,
291 817 368 845 nec
400 817 518 860 pares
552 816 703 844 sumus
738 814 782 844 ut
815 801 895 844 soli
928 802 1076 858 egenis
1123 802 1328 846 omnibus
1367 804 1467 861 opi-

43 871 241 916 tulemur
272 871 352 931 (1).

167 944 348 988 Divlslo
381 944 457 988 IV.
493 944 747 1001 Spectemus
781 942 953 987 tandem
987 946 1219 997 terminum,
1245 961 1373 1003 quem
1409 945 1471 988 of-

40 1011 192 1056 ficium
225 1013 411 1071 respicit,
443 1028 598 1070 nempe
631 1028 875 1071 personam,
909 1013 950 1056 in
1000 1015 1120 1056 cuius
1163 1013 1342 1071 bonum,
1375 1015 1401 1058 i.
1435 1031 1472 1059 e.

45 1084 254 1128 auxilium
286 1083 352 1127 vel
385 1083 657 1142 obsequium,
690 1083 813 1128 debet
851 1083 1043 1127 officium
1078 1084 1284 1142 impendi.
1317 1111 1375 1119 —
1407 1087 1472 1129 Ex

48 1157 239 1214 inspecta
272 1155 441 1199 termini
475 1155 731 1208 diversitate,
765 1154 834 1198 illa
867 1156 1059 1212 exsurgit
1084 1156 1277 1213 apprime
1310 1157 1474 1214 perspi-

35 1243 123 1271 ·cua
155 1239 195 1271 et
243 1242 417 1285 prorsus
464 1227 633 1284 vulgata
674 1225 916 1270 officiorum
971 1226 1143 1279 divisio,
1180 1228 1220 1269 in
1271 1243 1317 1271 ea
1361 1244 1469 1286 quae

49 1299 198 1354 Deum,
230 1312 337 1356 quae
369 1298 471 1341 alios
501 1298 691 1354 homines,
725 1313 831 1355 quae
864 1299 1125 1356 nosmetipsos
1148 1299 1396 1356 respiciunt.
1422 1300 1474 1342 Et

47 1384 161 1426 sane,
194 1383 370 1427 quae50‚
406 1385 615 1426 quaenam
649 1382 748 1412 sunt
781 1371 895 1412 entia
914 1369 997 1426 illa,
1020 1371 1063 1412 in
1086 1385 1275 1427 quorum
1309 1370 1473 1414 bonum

36 1441 134 1484 sive
166 1440 448 1484 intrinsecum
480 1441 568 1484 sive
601 1441 901 1497 extrinsecum,
935 1441 959 1483 i.
989 1457 1024 1485 e.
1058 1443 1101 1484 in
1135 1456 1321 1499 quorum
1355 1444 1473 1485 auxi-

46 1511 156 1555 lium
188 1510 258 1555 vel
290 1510 562 1570 obsequium,
596 1524 658 1555 est
690 1511 857 1555 homini
880 1529 930 1556 ex
954 1512 1105 1555 morali
1130 1512 1273 1556 debito
1297 1512 1474 1556 adlabo—

49 1583 262 1627 randum?
296 1584 371 1627 Est
405 1584 452 1640 α)
485 1584 678 1641 inprimis
721 1585 839 1627 Deus
883 1583 942 1628 O.
977 1584 1053 1638 Μ.,
1097 1584 1257 1642 quippe
1293 1584 1366 1642 qui
1411 1597 1474 1628 est

49 1653 239 1697 hominis
268 1655 450 1711 primum
474 1655 724 1713 principium
756 1666 796 1698 et
817 1669 1021 1697 summum
1043 1654 1206 1698 bonnm.
1226 1655 1269 1699 Si
1289 1655 1474 1713 primum

43 1725 308 1782 principium,
341 1724 464 1770 debet
496 1724 631 1768 homo
666 1727 762 1769 Deo
795 1741 839 1769 se
873 1742 918 1769 se
970 1725 1237 1783 submittere,
1271 1725 1473 1779 obedire,

46 1797 202 1853 gratias
235 1811 387 1853 agere:
421 1797 457 1839 si
490 1812 695 1840 summum
728 1797 890 1851 bonum,
923 1796 1048 1841 debet
1097 1798 1243 1841 Deum
1277 1796 1474 1854 laudare,

47 1881 217 1911 amare:
252 1866 330 1910 lios
364 1880 509 1911 autem
543 1881 658 1911 actus
685 1883 844 1926 ponere
867 1868 970 1926 quid
994 1881 1057 1912 est
1082 1867 1208 1922 aliud,
1228 1884 1357 1926 quam
1378 1869 1474 1912 Deo

38 1936 211 1981 bonum
244 1954 317 1982 seu
353 1939 548 1996 gloriam,
596 1941 746 1998 utique
793 1942 1094 1997 extrinsecam,
1143 1939 1382 1998 praebere?
1416 1964 1474 1973 —-

46 2015 228 2074 Insuper
260 2014 311 2074 β)
344 2028 443 2058 sunt
476 2015 829 2074 alii,quibuscum
854 2017 1056 2073 vivimus,
1080 2015 1294 2070 homines,
1313 2016 1474 2074 quippe

37 2087 121 2145 =qui
153 2085 276 2130 nobis
310 2086 498 2145 aequales
530 2101 679 2131 natura
713 2100 811 2130 sunt
846 2103 891 2130 ac
923 2087 1103 2131 naturali
1138 2087 1366 2131 nobiscum
1404 2102 1472 2131 so-

49 2159 184 2201 cietate
219 2159 450 2202 coniuncti.
486 2159 531 2203 Si
565 2159 774 2217 aequales,
808 2158 1014 2203 debemus
1047 2173 1120 2202 eos
1154 2174 1241 2202 nou
1294 2158 1474 2215 laedere,

48 2229 99 2271 iis
132 2243 219 2272 non
252 2244 437 2272 nocere:
472 2231 506 2272 si
541 2230 660 2286 socii,
693 2244 766 2274 eos
800 2246 942 2274 amare
981 2229 1201 2287 debemus,
1233 2231 1284 2273 iis
1319 2230 1472 2287 opitu-

48 2299 137 2343 lari.
160 2325 218 2334 —
250 2301 388 2344 Porro
411 2303 460 2359 γ)
491 2302 525 2343 si
558 2315 730 2345 naturae
764 2301 991 2359 aequalitas
1014 2317 1060 2345 ac
1081 2313 1230 2345 mutua
1259 2316 1356 2344 cum
1381 2301 1473 2344 aliis

147 2525 200 2570 (1)
226 2526 282 2561 De
307 2525 375 2560 hac
404 2525 606 2562 differentia
634 2527 795 2572 pluribus
823 2528 893 2562 iam
920 2527 1010 2563 locis
1037 2528 1201 2563 diximus.
1229 2527 1322 2562 Vide
1357 2536 1476 2573 super.

48 2583 129 2620 vol.
157 2583 183 2619 I.
210 2596 291 2632 pag.
320 2585 399 2633 289.
