1737 2802
1523 7 1532 10 -
1559 0 1737 35 {urar-⁴222}

1642 35 1655 46 ²=
1671 35 1674 37 ”
1716 35 1737 50 '⁴1

770 135 827 145 --
855 113 947 156 ,206
979 137 1037 146 —

184 223 234 253 ut
268 209 454 251 divinam
490 207 795 251 revelationem
834 219 1054 265 tamquam
1089 206 1285 250 inutilem
1319 207 1473 266 immo
1520 208 1632 252 im···

189 279 438 338 possibilem
472 280 677 323 reiiciant.
710 278 794 323 Alii
827 294 930 322 vero
964 280 1007 323 in
1041 278 1125 323 hoc
1157 291 1317 333 errant,
1350 279 1468 339 quod
1507 296 1616 325 con-

185 352 380 404 tendant,
415 353 627 401 rationem
679 351 911 395 humanam
946 351 1051 394 nihil
1103 368 1230 410 posse
1264 367 1317 401 ex
1366 369 1411 397 se
1459 353 1617 411 absque

184 424 329 467 divina
363 423 637 480 revelatione,
670 438 797 481 quam
830 436 978 466 notam
1014 422 1172 472 faciunt
1197 425 1443 483 Scripturae
1475 439 1617 469 sacrae

184 495 236 539 ab
271 494 458 538 Ecclesia
482 494 709 552 explicatae
746 494 808 537 vel
831 493 1082 538 traditiones
1116 512 1137 538 a
1163 494 1397 548 maioribus
1422 508 1616 556 acceptae

182 580 227 610 et
260 582 281 609 a
316 567 531 624 primitiva
567 566 825 610 revelatione
860 566 1073 624 originem
1109 566 1328 611 habentes:
1372 583 1501 626 quare
1545 567 1615 612 di—

182 632 336 680 vinam
380 637 685 681 revelationem
723 650 916 680 statuunt
965 652 1058 682 esse
1107 637 1284 696 physice
1332 638 1616 682 necessariam

187 726 265 768 pro
297 709 547 753 veritatibus
582 711 707 752 etiam
744 709 906 760 ordinis
940 709 1154 753 naturalis.
1191 735 1249 744 —-
1282 710 1431 769 Itaque
1463 724 1511 754 ea
1552 722 1617 754 est

183 782 406 840 seligenda
437 799 484 826 ac
516 782 697 826 tenenda
730 782 937 835 doctrina,
973 797 1082 840 quae
1116 795 1350 840 utrumque
1382 782 1487 826 vitet
1532 797 1614 826 ex-

181 866 394 906 tremum,
429 854 653 912 mediaque
698 853 863 897 incedat
894 854 961 896 via
1010 855 1120 897 inter
1162 853 1523 911 Rationalismum
1572 867 1614 898 et

184 925 621 970 Traditionalisnum:
647 926 740 969 talis
765 939 907 969 autem
932 938 994 969 est
1029 926 1225 970 doctrina
1247 929 1288 970 in
1318 925 1614 984 superioribus

183 996 376 1040 thesibus
411 998 618 1055 exposita.
1538 1046 1557 1053 Η

306 1069 646 1122 Quaestionibus
681 1070 732 1113 de
767 1071 1037 1114 revelationis
1084 1069 1351 1129 possibilitale.
1387 1085 1434 1113 ac
1463 1085 1614 1113 conve-

180 1143 336 1184 nientia
389 1141 609 1197 absolutis,
665 1138 859 1200 quaestio
914 1142 1025 1187 foret
1079 1158 1192 1185 nunc
1244 1141 1508 1197 instituenda
1558 1142 1628 1186 de·

181 1213 377 1256 eiusdem
403 1214 754 1271 cognoscibilitate‚
780 1216 805 1258 i.
825 1231 861 1258 e.
887 1215 938 1259 de
962 1215 1076 1258 notis
1101 1230 1176 1257 seu
1201 1215 1399 1272 criteriis,
1422 1229 1616 1272 quorum-

180 1300 266 1342 ope
301 1284 442 1328 divina
466 1285 667 1329 revelatio
701 1286 749 1329 ab
774 1286 1005 1330 hominum
1039 1285 1188 1331 fraude
1213 1287 1491 1331 discernatur.
1519 1287 1612 1330 Hu-

178 1356 372 1400 iusmodi
407 1370 606 1401 notarum
642 1360 912 1421 praecipuae,
936 1372 981 1402 ut
1019 1374 1171 1402 omnes
1197 1359 1488 1414 consentiunt,
1511 1370 1612 1401 sunt

180 1430 386 1473 miracula
419 1429 490 1488 (1)
523 1442 564 1473 et
605 1430 854 1488 prophetiae.
891 1431 1016 1484 Quae
1064 1443 1190 1473 notae
1222 1431 1257 1472 si
1303 1444 1392 1473 vere
1439 1440 1608 1473 exstent

177 1499 232 1543 ad
265 1498 604 1543 confirmandam
638 1501 820 1559 aliquam
856 1500 1095 1544 doctrinam
1128 1500 1195 1544 vel
1228 1499 1279 1544 ad
1319 1499 1608 1558 comproban—

178 1571 278 1615 dam
313 1572 488 1616 alicuius
523 1574 794 1630 missionem,
828 1589 936 1631 quae
982 1586 1202 1630 tamquam
1247 1572 1411 1616 cli-vinae
1459 1570 1609 1630 perhi-

181 1642 374 1700 beantur,
421 1644 508 1687 iam
557 1644 717 1689 evidens
767 1658 830 1688 est
879 1645 1076 1688 divinitas
1124 1643 1236 1686 illius
1285 1643 1503 1688 doctrinae
1544 1642 1613 1686 vel

179 1715 292 1758 illius
327 1717 563 1773 missionis,
595 1719 637 1760 in
672 1717 791 1760 cuius
825 1718 1005 1774 gratiam
1040 1729 1166 1759 notae
1200 1714 1292 1759 illae
1334 1727 1518 1759 exstant.
1554 1740 1608 1746 —

177 1787 267 1831 Sed
300 1788 348 1831 ab
383 1788 460 1832 hac
493 1789 787 1847 pertractanda
811 1790 1062 1847 quaestione
1088 1788 1369 1842 abstinemus,
1393 1801 1487 1832 tum
1512 1788 1612 1846 quia

174 1859 370 1904 brevitati
406 1861 579 1905 studere
613 1862 834 1917 volumus,
870 1874 965 1904 tum
1000 1863 1099 1920 quia
1133 1877 1179 1904 ea
1203 1861 1397 1918 quaestio
1431 1860 1483 1904 ad
1507 1860 1610 1904 Phi-

178 1932 424 1990 losophiam
443 1934 682 1992 Religionis
702 1947 828 1992 atque
853 1933 903 1977 ad
932 1933 1227 1991 Theologiam
1246 1933 1392 1991 potius
1412 1933 1608 1991 pertinet.

298 2005 449 2048 Unum
483 2006 789 2049 tautummodo
824 2007 1002 2049 innuam
1038 2005 1303 2061 brevissime.
1338 2004 1442 2047 Dixi
1475 2004 1610 2047 mira-

175 2075 270 2119 cula
301 2089 342 2120 et
366 2077 613 2135 prophetias
637 2077 860 2121 evidentem
884 2076 1062 2120 reddere
1086 2075 1354 2130 divinitatem
1379 2074 1602 2119 doctrinae

173 2145 244 2189 vel
278 2147 512 2204 missionis,
545 2149 586 2190 in
620 2150 742 2192 cuius
777 2146 1152 2191 confirmationem
1185 2158 1283 2190 sunt
1318 2144 1445 2203 edita.
1472 2171 1525 2178 —
1549 2147 1609 2189 At

173 2368 234 2414 qu*
253 2368 321 2402 elle
348 2378 400 2403 est
427 2369 460 2403 la
485 2368 584 2403 seule
610 2369 763 2404 autoritc·
790 2369 963 2414 legitime,
993 2377 1028 2403 et
1055 2379 1122 2415 que
1149 2368 1225 2403 cela
1252 2367 1327 2403 seul
1354 2377 1407 2404 est
1431 2368 1509 2402 vrai
1543 2366 1603 2414 qui

171 2431 274 2464 vient
302 2428 449 2471 d'elle‚..
479 2429 535 2475 qu'
555 2440 603 2464 on
630 2441 649 2463 a
683 2429 917 2475 (justement)
944 2429 1043 2463 batt-u
1082 2440 1126 2463 en
1156 2429 1256 2462 ruine
1282 2439 1323 2462 ce
1360 2428 1522 2474 principe
1560 2426 1605 2461 de

171 2499 366 2535 croyance,
394 2488 451 2535 qu'
469 2500 516 2523 on
544 2488 685 2535 appelle
718 2488 929 2531 revelation,
958 2487 1021 2528 soi,
1050 2487 1223 2523 autorite.‹
1247 2501 1267 2520 »
1302 2485 1481 2532 ’Iouffroy.
1519 2485 1604 2521 Me-

171 2547 314 2594 langes.
341 2549 399 2582 Du
425 2547 612 2595 probleme
639 2548 682 2583 de
708 2548 742 2583 la
768 2547 930 2583 destinee
955 2546 1142 2590 humaine,
1168 2558 1250 2594 pag.
1276 2555 1354 2593 439.

215 2633 220 2637 .
269 2608 327 2653 (1)
355 2608 410 2643 De
435 2609 613 2643 miraculis
639 2609 755 2655 agitur
780 2608 817 2642 in
847 2607 1095 2654 Metaphysica
1122 2605 1281 2653 speciali.
