1737 2802
648 97 717 112 -——
739 81 828 123 1161
870 98 920 112 -·-

75 183 200 230 -patet
229 185 280 215 ex
311 172 449 229 dictis,
471 173 505 215 is
540 187 698 231 peccat,
722 187 894 233 peccato
921 175 1096 234 quidem
1131 179 1300 232 interno,
1323 182 1500 239 quando

84 243 374 285 iuramentum
394 258 445 285 eo
469 257 592 300 pacto
616 243 796 301 profert,
816 259 987 304 peccato
1006 263 1107 290 vero
1131 257 1309 304 externo,
1330 251 1502 308 quando

85 313 390 372 obligationem
417 328 469 357 ex
494 315 661 372 prolato
687 317 930 360 iuramento
963 331 1104 362 ortam
1128 332 1323 378 tempore
1359 321 1506 365 debito

85 399 174 427 non
206 383 356 443 implet
387 384 445 444 (e.
479 401 519 442 g.
554 387 726 444 quando
763 401 859 445 post
893 404 1086 432 mensem
1122 390 1291 448 publico
1334 393 1390 436 illi
1430 409 1507 436 va-

86 454 342 510 letudinario
374 471 460 499 non
495 456 622 499 solvit
671 472 839 501 centum
885 460 1072 518 aureos).
1108 462 1153 505 Si
1199 463 1316 520 quod
1363 477 1508 508 autem

90 528 155 569 ius
188 543 239 569 ex
271 529 558 584 promissorio
594 528 666 571 illo
702 529 943 572 iuramento
977 530 1092 574 alteri
1141 531 1371 591 advenerit,
1405 547 1510 579 tunc

88 599 420 656 promissionem
456 615 544 642 non
578 599 797 656 implendo
833 601 982 644 iniuria
1017 601 1075 644 illi
1119 602 1235 647 alteri
1278 605 1507 662 irrogatur:

88 685 195 728 quae
219 670 370 712 iniuria
393 683 646 727 perseverat,
671 670 807 713 donec
841 673 920 714 iuri
946 671 994 714 ab
1030 673 1163 716 altero
1189 677 1397 732 acquisito
1421 693 1509 721 non

90 738 262 783 satisfiat
293 741 348 796 (e.
382 756 423 797 g.
458 740 593 784 donec
628 757 673 784 ea
707 743 910 799 pecuniae
947 744 1009 785 vis
1043 743 1213 801 publico
1249 745 1305 789 illi
1343 748 1510 791 valetu-

90 813 258 856 dinario
288 829 373 856 non
408 813 626 869 solvatur).

209 883 319 928 Illud
353 899 482 942 porro
517 899 788 942 quae1·e8‚an
823 898 863 928 et
897 887 1121 942 quomodo
1147 901 1280 931 cesset
1305 888 1510 947 obligatio

91 957 317 999 iuramenti
351 957 655 1014 promissorii?
690 956 863 1014 Duplici
900 957 1048 1005 modo.
1081 974 1236 1017 nempe
1273 960 1324 1003 ab
1357 963 1511 1005 intrin-

91 1043 174 1072 seco
207 1041 247 1071 et
278 1027 330 1070 ab
361 1030 590 1071 amrinseco.
624 1053 681 1061 -—
716 1028 868 1071 Cessat
892 1029 938 1071 ab
974 1031 1220 1084 intrinseco,
1255 1032 1309 1075 ob
1343 1033 1513 1077 notabi-

92 1100 177 1143 lem
202 1101 399 1143 materiae
424 1101 721 1156 mutationem,
740 1100 805 1143 vel
825 1101 950 1144 etiam
976 1101 1029 1144 ob
1054 1104 1333 1148 cessationem
1360 1107 1512 1149 motivi

92 1188 167 1215 seu
202 1187 350 1215 causae
381 1171 533 1224 finalis,
569 1188 606 1215 v,
631 1187 670 1228 g.
706 1174 740 1214 si
774 1174 1013 1216 iuramento
1048 1176 1287 1232 promisisti
1324 1176 1510 1222 eleemo-

94 1259 243 1302 synam
279 1245 406 1286 Petro
441 1259 515 1286 ceu
552 1245 742 1300 pauperi,
783 1257 822 1286 et
858 1244 924 1287 hic
960 1245 1149 1303 locuples
1173 1245 1255 1289 fizit.
1281 1273 1336 1280 —
1362 1250 1512 1293 Cessat

93 1317 142 1359 ab
175 1317 431 1367 extrinseco,
466 1316 700 1358 irritatione
734 1316 798 1358 vel
831 1319 1169 1361 commutatione
1217 1318 1283 1362 vel
1333 1320 1510 1378 dispen-

94 1388 270 1431 satione:
303 1385 354 1429 ad
386 1402 492 1444 quae
525 1386 811 1443 intelligenda,
844 1386 1084 1431 recolantur
1118 1389 1197 1442 illa,
1231 1406 1338 1448 quae
1385 1392 1512 1449 paulo

95 1472 190 1503 ante
223 1458 274 1502 de
306 1471 410 1501 voto
444 1461 504 1514 (1)
539 1458 741 1510 diximus,
766 1474 811 1501 ac
845 1460 1084 1502 iuramento
1120 1461 1196 1504 rite
1230 1462 1511 1520 applicentur.

96 1533 194 1576 Hoc
225 1530 321 1574 addi
354 1530 491 1582 debet,
527 1531 752 1572 iuramenti
776 1531 1047 1588 promissorii
1069 1531 1378 1589 obligationem
1412 1549 1510 1576 ces-

97 1619 187 1646 sare
210 1604 335 1647 etiam
366 1617 493 1661 posse
517 1601 771 1644 relaxatione
804 1618 878 1645 seu
901 1602 1215 1646 condonatione
1239 1603 1514 1661 obligationis

98 1674 203 1718 fact-„1
237 1674 284 1718 ab
319 1689 386 1729 eO,
423 1674 541 1715 cuius
572 1674 612 1715 in
637 1672 826 1716 favorem
853 1675 1084 1732 promissio
1120 1674 1214 1718 data
1237 1688 1300 1718 est
1332 1691 1379 1719 ac
1407 1677 1517 1719 iura-

100 1759 248 1789 mento
283 1745 459 1788 firmata.

101 2015 197 2048 enim
224 2013 330 2047 nobis
358 2013 508 2054 videtur,
539 2013 573 2046 in
601 2013 662 2047 tali
699 2012 890 2058 hypothesi
931 2024 1005 2047 non
1045 2012 1234 2047 haberetur
1261 2012 1420 2048 solidum
1459 2025 1521 2048 ve-

101 2084 250 2118 rumque
268 2072 523 2113 iuramentum,
543 2071 603 2104 secl
632 2083 728 2106 mera
749 2072 902 2116 prolatio
930 2071 1085 2105 exterior
1102 2072 1296 2105 verborum
1325 2072 1517 2106 iuramenti

102 2143 164 2167 seu
189 2131 366 2167 formulae
393 2132 594 2165 iuratoriae.
623 2131 725 2165 Unde
752 2131 942 2175 obligatio,
972 2141 1060 2177 quae
1088 2141 1131 2164 eo
1161 2131 1197 2164 in
1226 2141 1311 2164 casu
1352 2131 1521 2173 orii-etur,

102 2203 176 2226 non
203 2191 347 2237 p.·oprie
373 2192 407 2224 vi
433 2191 639 2233 iuramenti,
668 2189 762 2236 quoti
790 2201 915 2235 reapse
942 2201 1014 2224 non
1042 2189 1152 2230 adest,
1178 2189 1240 2224 sed
1266 2190 1410 2224 aliunde
1438 2201 1524 2236 pro-

103 2252 252 2286 veniret.
277 2249 333 2285 Cf.
361 2256 481 2285 lamen
508 2250 650 2292 SuareZ,
678 2250 720 2284 de
749 2250 873 2284 iuram.
905 2249 926 2283 l.
955 2250 996 2283 II.
1025 2261 1053 2283 c.
1082 2260 1114 2294 7.

198 2310 251 2356 (ι)
277 2308 335 2344 Cf.
364 2320 462 2343 num.
492 2318 546 2354 33.
573 2320 652 2355 pag.
685 2319 758 2351 140.
776 2329 819 2334 —
842 2308 916 2342 Etsi
942 2317 1068 2343 votum
1097 2317 1130 2342 et
1158 2308 1403 2342 iuramentum
1423 2307 1525 2342 diffe-

105 2379 181 2406 rant
203 2368 298 2415 (vide
315 2369 474 2404 adnotat.
495 2375 547 2403 2¹⁷¹.
569 2380 649 2415 pag.
674 2370 776 2412 154),
799 2369 833 2402 in
853 2368 977 2402 multis
995 2378 1117 2402 tamen
1146 2368 1380 2403 conveniunt.
1400 2367 1527 2409 Quan-

106 2430 224 2477 doque
249 2429 356 2464 etiam
385 2429 579 2474 promissio
607 2429 685 2463 Deo
713 2428 806 2463 facta
826 2427 986 2463 firmatur
1006 2429 1221 2470 iuramento,
1242 2437 1275 2462 et
1293 2436 1381 2462 tunc
1407 2432 1523 2460 votum

83 2490 258 2527 ,iuratum
282 2489 443 2524 habetur.
472 2509 514 2514 —
539 2489 594 2523 De
621 2489 834 2530 iuramenm,
861 2499 972 2534 aeque
999 2499 1039 2522 ac
1066 2488 1110 2522 de
1136 2497 1235 2531 voto,
1263 2487 1400 2534 aliquot
1436 2485 1524 2520 alias

108 2550 335 2596 quaestiones
362 2549 544 2583 sssvcmus
572 2549 606 2582 in
632 2557 783 2584 tractatu
811 2548 854 2583 de
881 2550 1135 2584 contractibus.

1395 2628 1430 2652 11
