1737 2802
113 210 160 254 in
190 207 529 261 venditionibus,
554 206 847 266 emptionibus
871 213 928 258 (Ι)
954 205 1134 264 aliisque
1157 203 1412 248 huiusmodi
1436 219 1554 247 con-

116 281 318 325 tractibus
367 292 680 337 perpetrantur.
714 305 770 310 -—
805 278 896 331 Qui
948 277 1022 320 has
1071 276 1242 320 adhibet
1288 274 1476 327 fraudes,
1511 275 1546 316 is

118 351 254 396 aufert
287 351 446 394 iniuste
480 365 571 393 rem
621 349 815 392 alienam:
865 347 1083 405 siquidem
1131 346 1282 403 accipit
1317 360 1372 388 ex
1420 344 1550 387 bonis

118 423 290 467 alterius
338 421 454 480 plus,
481 437 610 479 quam
659 420 729 464 det
780 420 899 463 alteri
949 436 1000 462 ex
1043 418 1167 461 bonis
1215 420 1305 460 suis
1339 417 1413 474 (2).
1448 417 1548 459 Hoc

67 554 69 556 q
117 506 260 538 autem
296 493 394 537 facit
426 494 584 536 occulte:
619 505 681 535 est
717 493 845 549 igitur
871 492 965 549 fur.

238 565 286 625 β)
320 566 386 609 Ad
421 567 610 623 rapinam
646 564 910 607 reducuntur
934 578 1079 605 usurae
1114 577 1282 618 omnes,
1305 577 1412 619 quae
1439 561 1549 604 fiunt

119 637 492 680 mutuamdando
526 638 751 693 pecuniam
786 637 846 691 (3)
881 647 950 677 aut
986 633 1091 692 quid
1124 632 1279 690 simile,
1313 633 1396 675 hoc
1439 633 1549 676 inito

119 720 258 766 pacto,
292 706 410 765 quod
444 707 607 749 ratione
642 705 777 748 solius
827 706 966 747 mutui
1016 716 1136 747 tanto
1186 705 1282 761 plus
1332 702 1546 747 reddatur.

118 806 176 811 —
209 777 477 822 Huiusmodi
511 779 719 834 ,inquam‚
756 792 909 818 usurae
944 776 993 818 ad
1037 777 1230 832 rapinam
1268 774 1555 816 reducuntur:

118 851 334 908 siquidem
364 852 474 907 piuS,
499 865 627 907 quam
663 849 810 892 datum
843 862 921 904 est,
946 848 1131 904 exigitur
1166 847 1392 903 tizanifeste.
1421 864 1443 886 «
1463 845 1550 889 Sed

119 922 234 966 dices
268 921 461 965 forsitan:
496 937 625 978 quare
658 936 747 963 non
783 936 963 978 possum
1013 919 1111 961 dare
1162 918 1405 975 pecuniam,
1439 917 1550 959 sicut

119 1008 281 1050 equum
316 991 382 1034 vel
416 991 629 1034 domum?
663 990 927 1042 Dicendum,
965 989 1081 1044 quod
1116 990 1157 1030 in
1191 988 1272 1030 illis
1307 1000 1370 1030 est
1405 1002 1552 1045 pecca-

120 1075 230 1119 tum,
264 1077 371 1119 quae
418 1061 480 1104 bis
528 1061 788 1104 venduntur.
825 1065 871 1104 In
921 1060 1056 1103 domo
1105 1070 1248 1102 autem
1299 1070 1398 1100 sunt
1446 1057 1550 1109 duo,

121 1132 281 1175 scilicet
316 1132 548 1175 substantia
583 1146 623 1175 et
657 1147 776 1175 usus.
810 1131 940 1175 Aliud
975 1143 1116 1174 autem
1151 1143 1215 1172 est
1264 1129 1418 1172 habere
1467 1128 1561 1172 do·-

122 1219 260 1260 mum,
293 1217 333 1246 et
367 1203 481 1247 aliud
515 1205 577 1246 uti
612 1203 760 1247 domo:
799 1203 910 1245 unde
944 1202 1173 1259 separatim
1207 1217 1387 1258 possum
1423 1216 1552 1243 usum

120 1275 306 1319 vendere
340 1276 434 1318 sine
468 1275 625 1318 domus
661 1274 927 1325 venditione,
965 1287 1005 1316 et
1039 1274 1094 1315 ita
1125 1273 1168 1315 in
1214 1271 1416 1315 omnibus
1468 1271 1562 1314 hu-

118 1346 324 1389 iusmodi.
359 1346 485 1389 Unde
534 1347 565 1388 si
616 1346 755 1403 aliqua
805 1359 916 1393 sunt,
953 1360 1059 1401 quae
1110 1345 1345 1387 consistant
1378 1343 1421 1385 in
1471 1358 1550 1385 usu

117 1429 306 1470 tantum,
342 1431 382 1461 et
414 1434 519 1460 usus
554 1433 706 1460 eorum
750 1430 813 1460 est
864 1416 1102 1473 distractio,
1136 1431 1223 1458 non
1268 1427 1411 1472 potest
1459 1414 1551 1457 fieri

118 1489 161 1532 id
195 1489 315 1547 quod
350 1489 400 1532 de
436 1489 584 1532 domo.
630 1489 830 1532 Denariis
870 1500 1013 1531 autem
1063 1488 1225 1530 utimur
1274 1485 1555 1529 distrahendo

117 1571 158 1602 et
192 1559 411 1603 frumento
452 1559 766 1616 consumend03
801 1572 841 1602 et
890 1558 987 1601 ideo
1038 1559 1071 1600 si
1108 1573 1235 1600 usum
1283 1557 1455 1609 vendis,
1490 1556 1555 1600 bis

116 1630 334 1674 vendis.»
389 1631 451 1673 Ita
500 1647 531 1673 s.
569 1630 768 1674 Thomas
813 1630 898 1688 (4).
949 1631 1070 1672 Hanc
1120 1630 1344 1687 praecipue
1395 1644 1563 1686 quaes-

117 1703 282 1745 tionem
318 1701 369 1744 de
402 1717 533 1745 usura
583 1702 845 1744 remittimus
879 1700 931 1743 ad
975 1699 1270 1757 Theologiam
1320 1698 1546 1743 moralem.

216 1919 270 1966 (1)
296 1921 454 1956 Pretium
483 1919 588 1954 debet
615 1929 692 1953 esse
721 1919 854 1959 iustum,
882 1917 903 1952 i.
925 1929 954 1952 e.
983 1917 1208 1963 respondens
1238 1917 1354 1951 valori
1383 1918 1444 1952 rei.
1463 1916 1566 1952 Vide*

123 1992 176 2023 ea,
202 1991 292 2027 quae
319 1980 361 2014 de
388 1981 482 2014 iusto
511 1977 668 2013 naturali
696 1986 728 2012 et
758 1977 800 2012 de
837 1979 930 2012 iusto
971 1988 1011 2011 ex
1050 1976 1202 2011 condicto
1242 1976 1398 2011 diximus
1439 1987 1558 2022 super.

123 2039 215 2074 thes.
243 2039 287 2073 II.
315 2051 395 2085 pag.
425 2049 484 2083 30.

214 2097 273 2143 (2)
300 2098 395 2132 Vide
423 2108 513 2144 quae
539 2097 584 2132 de
610 2097 704 2131 iusto
731 2107 791 2130 seu
820 2095 959 2142 aequali
989 2106 1052 2141 per
1091 2095 1344 2142 aequalitatem
1383 2095 1558 2131 arithme-

124 2156 234 2191 ticam
261 2156 418 2191 diximus
445 2167 553 2202 supra
578 2156 669 2191 thes.
699 2156 741 2190 11.
770 2167 853 2202 pag.
882 2164 933 2199 27.
961 2165 1057 2201 seqq.

219 2216 274 2261 (3)
304 2217 402 2260 Quid
434 2225 486 2251 est
519 2216 693 2263 pecunia?
737 2215 808 2257 Est,
851 2224 887 2249 ut
927 2214 997 2249 iam
1039 2225 1121 2248 cum
1150 2225 1178 2249 s.
1205 2214 1349 2250 Thoma
1391 2214 1560 2256 diximus,

125 2287 207 2323 pag.
236 2285 325 2320 274„
353 2276 562 2310 communis
591 2274 767 2321 quaedam
795 2284 952 2308 mensura
971 2284 1089 2321 rerum
1117 2273 1315 2316 venalium,
1337 2274 1380 2308 ab
1399 2283 1476 2309 arte
1495 2273 1569 2308 hur

126 2346 236 2369 mana
262 2334 455 2369 adinventa
483 2343 630 2380 propter
657 2332 868 2368 facilitatem
889 2333 1235 2367 commutationum.
1253 2332 1314 2368 Est
1341 2332 1489 2378 insuper
1508 2333 1569 2374 iis.

126 2395 185 2441 qui
203 2395 322 2442 aliqua
340 2406 377 2429 re
399 2395 433 2429 in
457 2405 626 2440 praesens
644 2405 719 2428 non
740 2392 915 2438 indigent,
934 2392 1035 2438 quasi
1054 2391 1200 2438 quidam
1219 2391 1404 2436 fideiussor
1421 2391 1565 2428 futurae

84 2490 87 2493 ,
126 2454 422 2500 permutationis,
451 2455 480 2487 si
508 2453 653 2500 quando
680 2463 720 2487 ea
756 2463 793 2486 re
833 2451 1058 2497 indigebunt.
1092 2450 1165 2487 Cfr.
1190 2452 1443 2495 Aristotelem,
1482 2452 1566 2487 Po-

126 2514 216 2551 litic.
241 2514 268 2548 1.
299 2521 328 2556 3.

219 2572 274 2618 (4)
301 2571 375 2618 Op.
401 2582 499 2606 nunc
525 2571 586 2606 cit.
