1737 2802
758 93 1024 147 —234-

173 200 274 245 puta
306 188 417 230 circa
451 187 589 243 ipsam
623 202 852 244 personam
888 186 1080 230 hominis
1115 189 1188 246 qui
1212 200 1259 231 ut
1294 203 1412 233 mera
1444 204 1510 233 res
1534 187 1608 232 ha-

174 261 333 312 beatur,
369 272 409 301 et
442 260 501 301 sic
535 274 556 301 e
591 258 737 301 medio
773 258 940 301 tollitur
970 260 1144 303 servitus
1179 262 1353 318 proprie
1387 260 1513 304 dicta.
1559 259 1610 304 Id

172 343 317 374 autem
352 329 556 385 ostendit,
591 345 721 388 penes
756 329 878 372 illum
915 330 1127 388 populum
1151 345 1240 374 non
1263 332 1439 390 quidem
1464 331 1606 377 domi-

173 403 292 444 nium
330 402 604 459 proprietatis
640 400 900 457 decrescere,
934 402 1010 445 sed
1043 403 1148 444 iuris
1185 404 1459 460 proprietatis
1495 419 1604 448 con-

174 486 348 531 ceptum
384 471 679 515 rationabilius
715 473 895 530 intelligi
930 489 976 516 ac
1010 474 1167 516 rectius
1206 475 1355 529 teneri,
1389 490 1467 519 nec
1499 477 1604 520 iuris

174 545 449 603 proprietatis
482 556 703 602 praetextu
739 545 947 587 iustitiam
983 543 1149 588 violari.

294 616 347 659 II.
371 618 647 672 Argumento
671 615 770 658 huic
794 631 819 658 a
839 617 1054 673 posteriori
1077 615 1276 660 addimus
1299 629 1607 674 argumentum

174 703 198 729 a
230 688 380 746 priori,
417 688 693 730 intrinsecam
728 688 787 730 rei
821 688 1034 730 rationem
1069 687 1266 732 reddens.

293 759 461 803 Natura
509 757 716 817 approbat
750 771 978 816 ratumque
1023 758 1149 802 habet
1184 759 1226 803 id
1264 758 1383 817 quod
1417 771 1481 803 est
1530 774 1608 803 ex-

178 829 353 888 pediens
389 842 429 872 et
462 845 483 872 a
517 828 691 872 fortiori
724 829 766 872 id
800 829 917 887 quoi
952 843 1014 873 est
1047 830 1338 873 necessarium
1372 829 1423 873 ad
1456 829 1608 873 huma—

174 917 273 945 nam
297 903 446 945 vitam.
464 903 595 959 Atqui
624 903 841 959 privatum
863 901 1122 951 dominium,
1142 917 1232 956 seu,
1257 901 1375 960 quod
1395 902 1509 946 idem
1528 915 1608 960 est,

175 973 333 1016 divisio
369 989 511 1016 rerum
547 975 672 1016 etiam
724 973 944 1016 stabilium
994 975 1103 1017 inter
1136 975 1255 1031 ipsos
1306 975 1510 1032 privatOS,
1544 986 1608 1017 est

176 1044 423 1102 expediens,
458 1045 547 1087 imo
582 1060 696 1088 nunc
732 1045 792 1101 (1)
826 1047 1063 1088 necessaria
1103 1045 1152 1088 ad
1187 1044 1422 1088 humanam
1458 1046 1606 1088 vitam.

176 1116 291 1173 Ergo
326 1129 474 1158 natura
508 1132 602 1159 eam
638 1118 820 1159 omnino
845 1116 1052 1174 approbat
1086 1128 1308 1174 ratamque
1342 1115 1482 1160 habet:
1508 1115 1608 1159 hinc

176 1187 227 1231 ad
261 1203 354 1230 eam
390 1187 562 1230 inclinat
595 1187 837 1244 hominem,
871 1188 922 1231 ad
956 1203 1048 1231 eam
1085 1187 1255 1231 homini
1292 1189 1358 1231 ius
1394 1187 1574 1231 confert.

299 1260 439 1302 Maior
472 1271 534 1301 est
569 1259 805 1303 manifesta.
830 1260 973 1302 Minor
1006 1258 1054 1302 ab
1077 1259 1313 1303 Aristotele
1336 1260 1398 1317 (2)
1427 1258 1608 1303 demon-

177 1343 334 1374 stratur
353 1355 410 1363 —
431 1342 474 1376 oc)
509 1347 559 1373 ex
594 1330 728 1387 malis,
753 1347 860 1388 quae
883 1332 1028 1374 statim
1063 1346 1116 1374 ex
1150 1321 1400 1374 exclusione
1424 1331 1608 1374 dominii

179 1402 331 1458 privati
365 1401 789 1461 sequerentur—(3)
825 1418 875 1445 ex
908 1402 1036 1459 bonis,
1069 1417 1176 1460 quae
1210 1403 1354 1445 statim
1388 1417 1463 1460 per
1497 1403 1610 1446 eius-

177 1474 276 1516 dem
312 1472 608 1516 exclusionem
642 1473 912 1517 tollerentur.

298 1551 340 1594 α)
374 1545 502 1601 Mala,
536 1560 644 1599 quae
677 1546 821 1588 statim
857 1560 909 1588 ex
945 1544 1193 1588 exclusione
1237 1544 1421 1588 dominii
1454 1545 1607 1602 privati

177 1616 414 1669 orirentur,
448 1629 548 1658 sunt
583 1617 862 1674 potissimum
896 1616 1093 1674 querelae
1125 1629 1167 1660 et
1201 1618 1340 1674 iurgia
1373 1633 1446 1660 seu
1481 1617 1611 1662 rixae.

177 1687 334 1730 —Vel
369 1688 486 1729 enim
519 1689 826 1745 supponimus,
852 1689 908 1730 ita
942 1687 1111 1731 disserit
1136 1687 1448 1746 Philosophus,
1481 1703 1611 1746 agros

178 1759 317 1803 excoli
352 1758 401 1802 ab
450 1761 625 1803 externis
673 1760 740 1802 vel
774 1759 821 1802 ab
871 1761 974 1816 ipsis
1025 1759 1194 1804 civibus.
1230 1760 1274 1804 Si
1309 1759 1357 1802 ab
1407 1760 1610 1812 externis,

178 1832 322 1874 minor
355 1847 456 1875 sane
489 1844 601 1874 esset
636 1830 860 1874 difficultas
895 1832 936 1873 in
973 1830 1275 1874 distributione
1327 1830 1523 1874 laborum
1572 1842 1614 1874 et

178 1903 411 1946 fructuum:
448 1903 522 1947 sed
556 1904 626 1945 vix
659 1902 862 1960 possibile
897 1915 1010 1945 esset
1042 1914 1107 1945 tot
1150 1901 1359 1959 agricolas
1409 1915 1612 1946 externos

179 1975 383 2018 invenire.
420 1975 534 2017 Hinc
577 1975 776 2018 Socrates
827 1974 938 2031 apud
988 1974 1214 2017 Platonem
1263 1974 1307 2016 in
1356 1972 1609 2031 Republica,

179 2061 277 2088 cum
313 2047 368 2089 ita
393 2046 565 2089 ordinet
598 2061 720 2088 suam
746 2047 962 2089 civitatem
999 2059 1044 2088 ut
1078 2047 1119 2089 in
1143 2061 1191 2089 ea
1223 2038 1324 2089 velit
1348 2045 1495 2088 omnia
1518 2059 1612 2087 esse

179 2118 445 2173 communia,
478 2118 685 2175 supponit
719 2133 845 2174 agros
891 2117 972 2160 coli
1007 2117 1055 2160 ab
1101 2118 1203 2175 ipsis
1254 2115 1432 2159 civibus.
1483 2116 1616 2159 Tunc

178 2201 321 2231 autem
357 2189 601 2232 necessario
635 2201 919 2244 exsurgerent
954 2190 1206 2231 innumerae
1241 2187 1439 2245 querelae
1462 2187 1505 2230 in
1530 2185 1618 2229 dis-

273 2445 328 2490 (1)
352 2457 375 2478 «
395 2445 434 2479 In
463 2446 712 2491 praesentibus
732 2444 1012 2479 circumstantiis
1032 2452 1180 2478 naturae
1206 2443 1329 2488 lapsae
1357 2449 1391 2476 et
1417 2439 1614 2474 hominum

177 2506 432 2546 multitudinis,
452 2520 468 2535 ι·
499 2509 538 2539 ut
556 2505 603 2539 ait
631 2504 675 2539 de
701 2504 817 2550 Lugo,
836 2504 879 2537 de
908 2503 988 2537 iust.
1008 2512 1042 2538 et
1071 2503 1146 2537 iure
1171 2502 1266 2547 disp.
1283 2501 1344 2536 VI.
1365 2509 1449 2536 sect.
1475 2511 1507 2535 1.
1523 2511 1559 2534 n.
1583 2509 1614 2543 5.

274 2567 328 2609 (2)
357 2565 465 2600 Polit.
493 2565 537 2599 Il.
569 2574 599 2598 2.
628 2583 671 2590 -
699 2562 756 2599 Cf.
785 2575 920 2598 comm.
948 2562 1033 2598 Silv.
1062 2561 1177 2597 Mauri
1206 2563 1242 2596 in
1269 2561 1304 2596 h.
1331 2560 1353 2595 l.
1551 2566 1555 2570 ’
