1737 2802
792 138 1060 179 —106—

214 236 332 293 petit,
365 245 428 276 est
462 233 716 285 maximum,
765 231 870 275 adeo
904 245 950 275 ut
985 232 1122 274 maius
1166 230 1313 273 animo
1357 230 1524 288 concipi
1557 246 1639 274 ne-

213 317 352 364 queat.
386 305 501 348 Nam
534 305 702 347 etiamsi
749 303 1012 361 fingeremus
1061 315 1297 345 creaturam
1331 317 1420 345 non
1453 302 1638 359 pendere

213 394 233 420 a
266 377 362 419 Deo
396 388 613 433 tamquam
640 392 661 418 a
685 390 810 418 causa
832 373 1040 418 efficiente
1063 387 1133 418 aut
1154 386 1458 432 conservante3
1490 385 1635 418 tamen

213 450 246 492 si
282 463 494 507 ponamus
543 449 684 506 ipsum
718 462 811 490 esse
845 446 1049 490 ultimum
1091 445 1218 490 finem
1255 445 1385 503 illius,
1417 460 1636 489 summam

213 521 253 562 in
289 519 403 562 illam
451 519 744 562 auctoritatem
780 530 820 561 et
854 530 1112 575 potestatem
1161 516 1339 561 habebit.
1389 517 1637 560 Auctoritas

212 592 324 634 enim
350 589 445 633 finis
471 589 798 648 quodammodo
825 590 961 632 maior
985 602 1061 646 est,
1079 604 1208 647 quam
1232 589 1462 632 auc-toritas
1485 603 1638 632 causae

212 662 447 715 effectricis‚
496 678 594 705 cum
630 662 730 704 haec
763 678 784 704 a
818 660 901 704 fine
935 661 985 704 ad
1021 660 1289 719 operandum
1324 672 1564 717 moveatur,
1595 672 1637 704 et

213 749 389 778 omnem
425 734 635 776 rationem
672 731 896 790 operandi,
935 747 1198 790 omnemque
1222 731 1404 775 modum
1437 743 1479 775 et
1510 746 1638 775 men-

212 822 355 850 suram
405 807 546 863 operis
580 822 600 848 a
633 804 717 848 fine
766 805 958 863 accipiat.
1008 805 1135 849 Unde
1182 803 1277 847 finis
1310 817 1374 848 est
1413 817 1637 848 causarum

213 879 364 936 prima,
399 879 520 920 cuius
554 878 686 934 gratia
719 877 865 920 omnia
888 875 995 919 fiunt
1028 889 1068 919 et
1102 889 1263 919 ceterae
1287 891 1436 919 causae
1459 875 1510 919 ad
1532 889 1639 933 pro-

212 950 463 993 ductionem
497 950 772 1007 applicantur.
808 950 927 992 Sicut
962 965 1065 1006 ergo
1100 948 1235 991 homo
1260 960 1401 1006 potest
1426 948 1486 990 uti
1511 947 1638 991 rebus

212 1019 502 1074 inferioribus,
539 1036 646 1078 quae
680 1020 730 1064 ad
767 1022 901 1078 ipsius
928 1019 1212 1063 commodum
1239 1031 1398 1062 creatae
1421 1031 1534 1072 sunt,
1560 1034 1638 1077 pro

213 1107 293 1135 suo
326 1092 543 1146 arbitratu,
578 1105 623 1135 ut
659 1093 852 1149 pecunia,
881 1091 1075 1149 frugibus
1099 1104 1252 1144 terrae,
1278 1089 1517 1150 pecoribus,
1540 1090 1639 1148 quia

212 1176 276 1207 est
308 1163 404 1206 finis
437 1180 580 1207 earum
619 1177 659 1207 et
693 1165 826 1222 ipsius
860 1165 992 1221 gratia
1017 1162 1146 1207 factae
1171 1176 1283 1218 sunt,
1317 1163 1514 1222 quamvis
1548 1163 1647 1221 ipse,

212 1253 357 1280 earum
391 1252 479 1280 non
514 1239 570 1280 sit
602 1250 770 1290 auctor3
805 1237 860 1279 ita
894 1237 1012 1280 Deus
1037 1249 1179 1294 potest
1211 1237 1273 1279 uti
1307 1236 1503 1279 universa
1527 1250 1639 1278 crea-

211 1321 309 1351 tura
358 1324 435 1366 pro
485 1324 565 1352 suo
613 1308 803 1363 arbitrio,
854 1324 930 1350 nec
973 1309 1201 1366 quisquam
1251 1319 1392 1365 potest
1433 1307 1552 1364 queri
1588 1305 1640 1349 de

212 1382 379 1435 iniuria,
415 1397 512 1424 cum
547 1382 692 1424 omnia
722 1382 805 1423 sint
839 1381 974 1437 ipsius
999 1381 1147 1437 gratia.
1171 1397 1190 1420 n
1223 1380 1349 1433 Quae
1372 1379 1639 1436 comparatio

212 1468 289 1509 est,
324 1468 370 1498 ut
404 1467 531 1513 patet,
551 1466 859 1512 argumentum
895 1469 916 1496 a
949 1453 1107 1496 minori
1130 1452 1181 1495 ad
1206 1453 1358 1496 maius.
1382 1451 1493 1495 Nam
1519 1451 1640 1493 Deus

211 1675 346 1710 titulus.
378 1676 449 1718 Qui
476 1676 570 1710 enim
600 1676 752 1710 alterum
781 1687 799 1709 a
825 1675 996 1709 servitute
1022 1674 1177 1716 redimit,
1205 1674 1234 1708 is
1255 1675 1288 1709 in
1317 1674 1420 1708 illum
1449 1673 1555 1710 habet
1575 1675 1641 1716 ius,

211 1735 265 1769 ius
292 1744 413 1770 autem
440 1744 542 1770 tanto
569 1734 735 1777 validius,
768 1745 903 1781 quanto
943 1735 1065 1769 durior
1092 1744 1143 1769 est
1178 1735 1343 1777 servitus,
1371 1734 1405 1768 in
1446 1746 1513 1780 qua
1551 1734 1640 1769 alter

211 1794 361 1834 iacebat,
391 1803 425 1828 et
451 1795 567 1828 maius
593 1803 645 1828 est
673 1794 839 1839 pretium,
868 1794 964 1840 quod
990 1794 1033 1828 ad
1062 1805 1144 1827 eum
1173 1793 1401 1828 liberandum
1429 1793 1642 1840 redemptor

212 1853 332 1887 solvit.
351 1853 514 1887 Iamvero
542 1854 576 1886 in
604 1853 737 1899 triplici
764 1854 971 1887 iacebam-us
998 1854 1330 1900 servitute,peccati
1355 1853 1485 1888 diaboli
1502 1854 1639 1888 martis.-

211 1912 376 1947 Christus
403 1922 524 1947 autem
551 1925 617 1947 nos
645 1914 797 1947 redemit
824 1914 937 1960 pretio
975 1924 1101 1957 magno
1130 1913 1180 1958 (ι.
1209 1912 1294 1948 Cor.
1322 1913 1382 1947 VI.
1414 1916 1504 1955 20.)‚
1530 1911 1640 1948 dando

211 1973 420 2019 semetipsum
444 1984 510 2017 pro
537 1973 632 2006 nohis
663 1973 724 2018 (ad
766 1973 838 2008 Tit.
875 1974 941 2010 XI.
976 1974 1061 2018 14).
1087 1994 1135 2000 --
1161 1974 1296 2008 Motiva
1336 1974 1478 2008 amandi
1519 1975 1640 2009 Deum

212 2042 400 2067 enumerat
427 2033 577 2074 Dantes,
605 2033 681 2067 Par.
710 2033 857 2076 XXVI„
884 2033 954 2067 hoc
983 2038 1110 2078 pacto:

501 2157 858 2164 ...........
888 2129 991 2163 Tutti
1019 2130 1100 2174 quei
1128 2130 1250 2171 morsi,

594 2188 671 2222 Che
700 2198 836 2233 posson
865 2186 918 2221 far
944 2187 978 2221 lo
1008 2199 1094 2221 cnor
1119 2187 1246 2233 volger
1273 2199 1291 2222 a
1319 2189 1402 2231 Dio,

594 2247 674 2280 Alla
702 2248 772 2281 mia
800 2248 943 2281 caritate
971 2259 1036 2281 son
1066 2249 1244 2282 concorsi.

499 2307 575 2342 Che
603 2306 622 2340 Γ
636 2317 752 2341 essere
781 2306 837 2341 del
867 2306 1017 2349 mondo,
1044 2319 1062 2340 e
1091 2306 1109 2340 l'
1128 2318 1223 2341 esser
1251 2309 1340 2348 mio,

594 2367 642 2401 La
671 2375 789 2400 morte
817 2366 873 2399 ch*
893 2366 924 2400 el
953 2375 1124 2400 sostenne
1153 2366 1275 2412 perch’
1296 2367 1332 2400 io
1362 2367 1454 2410 viva,

592 2425 620 2458 E
648 2424 729 2471 quel
757 2424 822 2458 che
849 2436 951 2470 spera
979 2426 1062 2470 ogni
1090 2423 1195 2467 fedel,
1224 2424 1318 2460 com*
1339 2426 1389 2467 io,

498 2483 575 2518 Con
609 2483 639 2517 ln
669 2484 828 2528 predetta
859 2495 1081 2518 conoscenza
1108 2484 1199 2527 viva,

594 2543 722 2578 Tratto
749 2545 796 2577 m'
816 2543 939 2578 hanno
969 2544 1023 2578 del
1052 2556 1129 2578 mar
1155 2543 1237 2578 dell'
1261 2555 1363 2578 amor
1389 2553 1499 2586 torto,

592 2604 619 2638 E
647 2603 702 2637 del
731 2603 854 2638 diritto
883 2603 928 2638 m’
948 2604 1019 2638 han
1047 2613 1154 2649 posto
1181 2603 1249 2638 alla
1276 2604 1362 2638 riva.
