1737 2802
793 116 1032 158 -14-

201 212 381 251 aeterna,
416 196 667 240 secundario
699 212 802 240 vero
837 198 877 240 in
912 195 1090 240 naturali
1139 195 1394 240 iudicatorio
1443 200 1618 244 rationis

200 271 421 321 humanae,
455 280 557 310 tunc
590 283 703 310 omne
741 276 947 325 peccatum
971 276 1027 310 est
1051 267 1220 320 malum,
1244 269 1341 326 quia
1357 268 1622 326 prohibitum:

196 359 246 385 ex
281 341 361 383 lroc
393 341 507 382 enim
542 340 638 397 ipso
671 338 787 396 quod
836 352 898 381 est
952 338 1263 393 inordinatum,
1309 340 1389 383 iuri
1439 341 1619 386 naturali

201 424 407 469 repugnat
430 429 469 454 ».
490 412 654 456 Rursus
678 410 760 452 alio
785 410 880 452 loco
905 410 985 467 (1):
1018 410 1172 463 «Quia
1196 410 1332 454 homo
1358 411 1466 456 inter
1485 425 1625 457 cetera

199 483 395 526 animalia
427 483 636 526 rationem
670 480 764 523 linis
800 482 1025 537 cognoscit
1059 493 1098 524 et
1134 483 1463 538 proportionem
1515 499 1618 542 ope-

199 555 374 597 rationis
409 553 458 596 ad
492 552 637 603 finem,
674 551 771 595 ideo
806 546 1012 594 naturalis
1044 554 1269 610 conceptio
1304 566 1366 597 est
1399 555 1438 597 ei
1471 554 1619 609 indita,

200 641 283 684 qua
317 626 514 681 dirigitur
548 623 598 666 ad
633 622 898 681 operandum
933 625 1250 681 convenienter,
1274 639 1379 682 quae
1412 625 1474 669 lex
1495 634 1622 670 natu-

199 698 300 740 ralis
333 696 397 738 vel
431 697 491 738 ius
532 695 723 738 naturale
767 695 934 752 dicitur,
968 696 1009 738 in
1045 697 1196 738 ceteris
1244 708 1387 739 autem
1431 698 1622 742 animan-

200 767 311 810 tibus
344 766 582 809 aestimatio
616 764 815 808 naturalis
857 779 1094 810 vocatur».
1141 768 1187 810 ln
1238 783 1281 811 re
1328 780 1472 812 autem
1519 770 1620 813 satis

199 850 418 895 comperta
451 836 551 879 haec
585 837 776 880 attulisse
809 837 1001 894 exempla
1034 837 1227 882 sufficiat.

319 910 433 951 Haec
467 908 655 964 acceptio
690 908 921 966 respondet
969 924 1013 951 ac
1065 908 1175 952 favet
1210 910 1503 968 etymologiae
1547 911 1620 967 illi,

199 996 281 1038 qua
317 982 378 1023 ius
411 994 431 1020 a
467 978 634 1022 iubendo
670 978 835 1023 dicitur.

380 1050 459 1109 2⁰.)
491 1051 710 1107 Frequens
744 1052 871 1094 etiam
911 1064 974 1094 est
997 1051 1109 1109 apud
1132 1052 1311 1096 Latinos
1337 1052 1490 1097 harum
1515 1069 1618 1098 usus

197 1122 484 1175 locutionum,
519 1121 692 1164 tribuere
726 1121 886 1165 rsddere
918 1131 984 1166 etc.
1034 1124 1094 1165 ius
1140 1123 1273 1180 alteri,
1307 1123 1482 1168 obtinere
1523 1133 1622 1184 per-

198 1194 309 1251 sequi
340 1202 406 1236 etc.
442 1194 502 1235 ins
533 1207 671 1236 sunm.
706 1193 754 1234 In
789 1207 875 1250 quo
909 1192 1114 1250 loquendi
1149 1193 1283 1237 modo
1328 1193 1433 1238 illud
1482 1207 1546 1239 est
1578 1197 1621 1239 in

199 1265 347 1322 primis
383 1262 673 1320 manifestum,
706 1263 761 1306 ibi
795 1265 857 1307 ins
891 1265 1022 1322 accipi
1058 1280 1136 1322 pro
1171 1266 1291 1309 iusto.

314 1337 369 1378 At
402 1336 578 1392 iustum,
616 1347 663 1378 ut
711 1334 834 1378 docet
882 1337 1138 1380 Aristoteles
1162 1335 1240 1395 (2),
1275 1336 1430 1380 dicitur
1477 1336 1619 1396 dupli-

294 1552 345 1596 (ι)
374 1550 495 1596 Suppl.
524 1562 555 1596 q.
582 1549 638 1594 65.
664 1562 682 1585 a
714 1560 741 1584 1.
768 1549 860 1584 Vide
886 1561 1004 1595 super.
1031 1549 1102 1584 vol.
1136 1561 1164 1585 1.
1195 1562 1294 1586 num.
1328 1561 1404 1585 102.
1423 1562 1504 1596 pag.
1533 1549 1620 1586 280.

198 1611 294 1656 Lege
321 1620 442 1644 tamen
469 1621 523 1652 ea,
554 1620 644 1656 quae
671 1609 766 1643 idem
793 1620 820 1644 s.
847 1609 986 1643 Doctor
1013 1608 1131 1652 habet,
1153 1618 1184 1643 2.
1207 1619 1236 1643 2.
1257 1621 1287 1656 q.
1313 1618 1364 1653 57.
1384 1620 1485 1645 a..1.:
1508 1609 1621 1644 «Lex

198 1681 271 1705 non
298 1679 350 1704 est
379 1671 495 1715 ipsun]
523 1670 588 1711 ius,
616 1669 761 1715 proprie
788 1667 985 1715 loquendo,
1012 1668 1073 1702 sed
1101 1667 1266 1713 aliqualis
1293 1668 1384 1702 ratio
1412 1668 1499 1702 iuris
1530 1681 1564 1702 ».

295 1729 351 1773 (2)
377 1728 491 1763 Ethic.
533 1729 554 1763 l.
596 1727 641 1763 V.
680 1739 710 1762 c.
755 1738 794 1762 1.:
828 1730 931 1761 Δοκεῖ
968 1728 1007 1761 σ”ἐ
1037 1726 1056 1760 <5
1079 1739 1113 1760 τε
1148 1727 1351 1771 παράνομος
1378 1726 1505 1765 άὸ“ικος
1533 1721 1624 1760 εἶναι

198 1786 256 1820 κκὶ
286 1789 301 1820 ὸ
322 1788 526 1825 πλεονέκτης
555 1785 613 1819 xxi
636 1785 652 1820 ὁ
672 1785 806 1826 ἄνισος,
836 1788 927 1819 ὥστε
956 1786 1064 1822 δῆλον
1093 1783 1142 1819 ὅτι
1173 1784 1235 1818 καὶ
1261 1786 1277 1819 ὁ
1306 1785 1444 1823 δίκαιος
1473 1782 1576 1818 ἔσται
1604 1781 1626 1816 ὅ

195 1857 230 1878 τε
258 1846 400 1889 νόμιμος
426 1842 484 1876 καὶ
513 1843 530 1878 0'
555 1843 644 1883 ἶσος.
671 1846 716 1877 Τὸ
737 1844 798 1888 μὲν
822 1843 962 1878 δίκαιον
990 1842 1057 1888 &px
1080 1844 1117 1876 τὸ
1146 1842 1291 1888 νόμιμον
1319 1839 1437 1876 καὶτὸ
1464 1842 1555 1882 ἴσον,
1583 1842 1621 1876 τὸ

199 1902 363 1936 θ’ὖὸικοκ
388 1902 425 1936 τ’)
446 1903 648 1948 πκρνζνομον
675 1901 734 1934 καὶ
761 1902 797 1935 τὸ
826 1901 963 1936 ἄνισον.
990 1902 1142 1936 Videtur
1181 1909 1302 1935 autem
1345 1901 1501 1942 iniustus
1540 1910 1623 1934 esse

199 1970 234 1996 et
260 1962 288 1994 is
316 1962 373 2006 qui
403 1962 494 2005 legis
519 1970 766 2008 transgressor
792 1970 825 1995 et
853 1962 880 1994 is
907 1961 965 2007 qui
994 1961 1103 2006 pluris
1129 1968 1322 2006 usurpator
1339 1969 1373 1994 et
1400 1960 1428 1993 is
1448 1959 1507 2006 qui
1526 1959 1625 1994 inae-

198 2021 313 2067 qualis
340 2030 404 2063 est,
432 2034 473 2054 ex
499 2032 570 2067 quo
600 2020 850 2063 manifestum,
881 2021 977 2067 quod
1005 2021 1112 2055 etiam
1140 2021 1252 2054 iustus
1279 2019 1345 2054 erit
1371 2028 1405 2054 et
1432 2019 1491 2066 qui
1532 2018 1623 2066 legis

199 2088 319 2114 custos
346 2088 379 2113 et
407 2081 463 2126 qui
492 2080 650 2126 aequalis
678 2088 742 2114 est.
770 2080 906 2114 Iustum
933 2079 1039 2126 igitur
1067 2087 1119 2114 est
1157 2079 1363 2124 legitimum
1404 2087 1438 2113 et
1463 2077 1623 2125 aequale,

199 2138 371 2173 iniustum
399 2151 484 2173 vero
513 2140 747 2186 illegitimum
789 2148 822 2174 et
860 2139 1059 2185 inaequale.
1088 2159 1129 2164 -—
1160 2139 1265 2181 Quae
1304 2138 1410 2173 verba
1453 2138 1504 2173 sic
1543 2146 1624 2184 apte

198 2197 354 2243 explicat
382 2198 469 2232 Silv.
498 2199 663 2233 Maurus:
697 2214 714 2229 κ
734 2199 890 2233 iniustus
916 2198 1057 2233 videtur
1084 2198 1153 2231 dici
1178 2198 1292 2233 tribus
1317 2197 1448 2241 modis,
1474 2197 1543 2244 qui,
1564 2205 1622 2232 ta-

197 2268 281 2290 men
309 2258 429 2291 reduci
458 2268 606 2303 possunt
635 2258 679 2292 ad
705 2258 808 2293 duos.
836 2257 958 2292 Primo
986 2257 1137 2292 iniustus
1164 2257 1303 2300 dicitur,
1331 2256 1391 2303 qui
1417 2255 1517 2303 leges
1541 2256 1624 2290 vio-

195 2315 263 2351 lat:
293 2317 451 2351 secundo
479 2317 606 2351 dicitur
635 2318 799 2359 iniustus,
828 2317 886 2363 qui
914 2328 957 2352 ex
983 2318 1088 2351 bonis
1117 2317 1227 2351 sumit
1245 2316 1311 2350 sibi
1334 2316 1425 2362 plus,
1445 2314 1618 2363 quamsit

196 2386 364 2421 aequum:
393 2376 499 2410 tertio
527 2376 655 2410 dicitur
681 2377 832 2411 iniustus
858 2376 1070 2423 inaequalis,
1099 2376 1159 2422 qui
1184 2375 1355 2409 nimirum
1375 2386 1418 2409 ex
1436 2374 1542 2409 malis
1567 2384 1626 2408 su-

197 2435 262 2470 mit
290 2436 354 2470 sibi
382 2436 511 2478 minus,
538 2448 643 2482 quam
672 2437 716 2471 sit
749 2448 917 2483 aequum.
962 2438 1045 2471 Duo
1085 2435 1303 2483 posteriores
1338 2435 1439 2470 modi
1472 2443 1623 2481 possunt

197 2494 316 2528 reduci
344 2495 387 2530 ad
414 2506 537 2538 unum,
564 2507 625 2542 per
652 2507 758 2541 quem
786 2496 938 2531 iniustus
965 2496 1094 2531 dicitur
1116 2495 1314 2542 inaequalis,
1355 2506 1418 2530 seu
1453 2494 1496 2529 sit
1521 2494 1622 2528 inae—

198 2554 312 2600 qualis
340 2565 402 2600 per
430 2565 630 2597 excessum,
660 2566 702 2589 eo
730 2555 825 2601 quod
853 2564 972 2590 sumat
999 2555 1064 2589 sibi
1108 2554 1187 2601 plus
1231 2553 1274 2588 de
1314 2554 1433 2593 bonis.
1473 2563 1535 2587 seu
1554 2587 1558 2590 ,
1578 2551 1624 2586 sit
