1737 2802
0 0 183 108 fun*

722 135 781 144 —
816 123 895 166 323
931 135 991 142 -

127 207 237 250 boni
261 207 507 250 communis
532 221 704 249 causam
727 205 800 264 (1)
828 205 904 257 illi,
931 218 975 248 ut
1000 203 1083 248 dici
1107 203 1234 255 solet,
1260 203 1568 260 praeiudicare.

106 290 194 312 ·—
226 277 392 322 Eodem
428 279 627 335 pertinet,
671 277 804 335 quod,
840 276 1009 334 publica
1057 277 1200 334 quiete
1248 289 1295 318 ac
1343 276 1571 318 securitate

133 348 181 392 id
203 349 414 405 exigente,
438 363 530 390 rem
555 347 752 404 alienam,
776 348 1041 404 praescripto
1064 347 1274 403 temporis
1299 346 1437 403 spatio
1461 344 1573 390 bona

132 419 220 463 fide
254 433 517 477 possessam,
554 418 754 462 decernat
787 417 878 462 fieri
914 418 1026 461 illius
1061 433 1135 461 seu
1170 417 1385 460 adiudicet
1418 418 1471 474 ei,
1494 418 1572 476 qui

135 507 231 534 earn
269 490 450 544 obtinet,
478 492 682 549 quamvis
717 490 871 534 deinde
905 502 1106 547 tempore
1133 489 1463 547 praescriptionis
1500 504 1572 546 pe·

131 576 256 606 :racto
291 563 548 619 inveniatur,
582 562 758 605 titulum
794 563 994 619 primitus
1029 577 1103 604 seu
1138 559 1187 603 ab
1221 561 1390 617 origine
1439 560 1570 621 fuisse

141 632 380 676 invalidum
406 633 482 691 (2).
508 632 555 676 id
580 633 739 676 scilicet
774 632 942 690 publica
965 633 1088 689 quies
1114 646 1160 674 ac
1185 632 1388 674 securitas
1422 631 1572 688 exigit,

94 721 97 724 ⁴
132 721 194 748 ne
229 707 320 748 iura
347 696 595 747 remaneant
617 720 790 762 semper
813 706 989 756 incerta,
1015 716 1055 746 et
1088 704 1149 745 sic
1184 704 1334 760 iurgiis
1357 718 1404 746 ac
1426 702 1572 746 litibus

133 791 242 818 ansa
277 775 416 819 detur..

261 848 379 890 Haec
403 858 548 889 autem
583 845 746 903 aliaque
775 844 992 888 eiusmodi
1028 843 1163 902 (quod
1187 856 1251 887 est
1273 844 1352 886 rite
1376 842 1574 886 conside-

134 918 342 971 randum)
376 933 465 960 non
490 919 574 959 iam
598 930 698 960 sunt
721 929 839 960 actus
876 917 1146 974 proprietatis
1171 927 1241 958 aut
1271 915 1574 972 comproprie-

133 989 254 1041 tatis,
291 1004 421 1046 quam
456 1004 528 1031 rex
562 987 761 1045 politicus
796 987 945 1030 habeat
979 988 1020 1029 in
1054 988 1214 1044 privata
1249 987 1409 1029 civium
1432 985 1574 1029 domi-

135 1061 224 1117 nia,
257 1060 331 1103 sed
364 1072 464 1102 sunt
498 1060 748 1102 exercitium
784 1060 886 1101 iuris
922 1058 1100 1115 politici,
1135 1056 1253 1115 quod
1287 1069 1436 1100 natura
1483 1057 1574 1114 regi

136 1131 227 1184 dat,
261 1131 477 1188 simulque
511 1129 656 1183 officii,
690 1129 807 1188 quod
843 1129 984 1172 eidem
1025 1129 1227 1186 imponit,
1261 1128 1436 1171 curandi
1470 1129 1572 1171 totis

139 1202 318 1256 viribus,
352 1215 398 1245 ut
433 1203 579 1245 onmia
613 1203 655 1244 in
689 1202 1000 1244 communitate
1030 1213 1143 1243 recte
1177 1213 1217 1243 et
1244 1199 1418 1257 pacifice
1446 1215 1576 1258 ,pera-

133 1287 310 1331 gantur,
344 1274 489 1331 sicque
524 1273 634 1316 ordo
684 1285 725 1316 et
770 1273 1033 1330 prosperitas
1083 1271 1363 1328 stabiliantur,
1392 1287 1573 1315 conser-

134 1357 297 1387 'ventur
329 1359 375 1387 ac
409 1345 546 1401 magis
581 1345 806 1401 magisque
855 1343 1096 1386 florescant.
1148 1342 1312 1385 Exinde
1361 1358 1464 1386 vero
1513 1341 1574 1386 nil

133 1413 335 1472 profecto
368 1415 563 1472 sequitur
597 1415 639 1456 in
672 1413 869 1457 favorem
905 1415 1139 1457 sententiae
1164 1412 1488 1457 Socialistarum
1512 1425 1571 1456 at-

134 1485 424 1530 tribuentium
459 1487 642 1543 principi
678 1486 789 1528 civili
827 1485 996 1542 plenam
1031 1487 1073 1528 in
1109 1486 1271 1542 privata
1293 1485 1462 1544 civium
1497 1485 1575 1528 do-

139 1558 277 1600 minia
310 1570 581 1614 potestatem.
605 1582 663 1590 -
688 1556 773 1600 Sed
808 1557 858 1600 de
894 1556 959 1598 his
984 1555 1120 1599 fusius
1155 1570 1332 1613 agemus
1367 1556 1410 1597 in
1439 1557 1574 1614 capite

132 1629 356 1687 sequenti,
391 1629 433 1671 in
462 1644 556 1686 quo
589 1628 634 1671 de
670 1629 755 1670 iure
788 1630 929 1671 sociali
962 1627 1327 1685 pertractabimus.

237 1777 291 1822 (1)
318 1778 412 1811 Iusta
439 1778 520 1812 haec
547 1789 648 1812 causa
676 1778 754 1810 boni
781 1779 966 1811 commanis
993 1778 1146 1811 omnino
1175 1778 1377 1823 requiritur,
1396 1780 1435 1810 ut
1461 1784 1574 1818 actus,

135 1846 213 1880 ⁴quo
242 1836 412 1882 princeps
441 1837 609 1882 politicus
639 1837 856 1882 praeiudicat
899 1837 1027 1882 privati
1055 1837 1203 1871 alicuius
1231 1837 1408 1881 dominio,
1436 1837 1480 1872 sit
1508 1848 1575 1870 va-

132 1896 240 1931 lidus.
262 1917 301 1920 —
323 1896 416 1930 Nam
437 1898 606 1942 princeps
635 1896 762 1938 civilis,
785 1896 842 1942 qui
871 1895 1055 1929 vinculum
1085 1897 1168 1930 iuris
1194 1897 1365 1930 naturalis
1391 1897 1575 1942 abrumpit

140 1964 204 1990 aut
230 1954 430 1996 modificat,
450 1967 486 1989 se
515 1955 622 1989 habet
648 1954 692 1988 ad
720 1956 872 1989 modum
901 1954 1084 1989 inferioris
1113 1966 1155 1989 ex
1183 1964 1365 2000 potestate
1393 1956 1460 1989 sibi
1489 1967 1576 1990 con-

141 2026 241 2049 cessa
270 2015 515 2060 dispensantis
542 2016 577 2048 in
606 2015 686 2060 lege
714 2014 920 2059 superioris.
941 2015 1048 2060 Atqui
1078 2014 1156 2048 talis
1186 2014 1335 2049 inferior
1362 2015 1575 2060 dispensans

141 2075 210 2108 sine
231 2075 318 2108 insta
348 2085 449 2108 causa
473 2075 508 2108 in
532 2075 612 2119 lege
640 2074 847 2118 superioris,
867 2073 1070 2118 nihilfacit.
1099 2074 1244 2107 Etenim
1271 2073 1333 2118 10.)
1360 2074 1416 2108 lex
1437 2074 1499 2109 illa
1519 2086 1576 2108 su-

141 2134 262 2178 perior
289 2145 362 2167 non
383 2144 433 2168 est
455 2135 512 2168 lex
531 2145 602 2167 sim:
628 2136 692 2177 ΖΡ)
720 2143 880 2178 potestas
900 2133 930 2166 ci
960 2133 1127 2177 delegata
1147 2145 1221 2167 non
1251 2133 1471 2179 intelligitur
1490 2145 1577 2168 con-

139 2202 240 2225 cessa
267 2192 309 2225 ati
338 2193 553 2237 patrandum
584 2193 720 2226 midam.
750 2193 859 2226 Aliud
890 2202 941 2226 est
973 2193 1016 2226 de
1045 2193 1124 2237 ipso
1153 2193 1343 2227 conditore
1383 2193 1487 2238 legis,
1516 2193 1576 2240 qui

135 2251 276 2284 etiamsi
305 2250 381 2284 sine
410 2263 515 2285 cansa
543 2251 737 2297 dispenset,
767 2263 848 2284 cum
877 2260 1002 2285 tamen
1032 2251 1066 2283 id
1096 2249 1204 2285 faciat
1234 2252 1269 2285 in
1299 2251 1379 2297 lege
1406 2263 1482 2296 sua,
1509 2263 1574 2286 va-

137 2310 210 2345 lide
239 2310 334 2351 facit,
361 2313 525 2358 quamvis
553 2311 665 2356 possit
705 2321 737 2345 et
767 2312 840 2356 ipse
881 2323 988 2353 agere
1031 2311 1166 2346 illicite.
1195 2331 1238 2336 —
1267 2312 1363 2357 Ergo
1408 2313 1575 2357 princeps

136 2369 251 2403 civilis
279 2370 525 2414 praeiudicans
553 2369 717 2403 dominio
746 2369 871 2415 privati
900 2369 1050 2403 alicuius
1092 2371 1168 2403 sine
1207 2370 1298 2404 iusta
1337 2382 1444 2404 causa
1488 2371 1575 2404 boni

140 2430 358 2465 commun's,
387 2428 479 2462 nibil
511 2427 606 2463 facit.

237 2488 292 2531 (2)
320 2487 561 2521 Conditiones
591 2486 633 2520 ad
673 2487 992 2532 praescribendum
1035 2487 1255 2522 necessariae
1289 2497 1370 2522 sunt
1410 2489 1578 2535 quinque:

143 2564 188 2571 —
220 2547 280 2590 10.)
308 2555 344 2580 nt
372 2559 426 2580 rcs
454 2547 496 2580 sit
525 2545 819 2591 praescriptibilis
847 2566 893 2571 —
920 2547 983 2590 2¹³.)
1011 2547 1191 2591 possessio
1219 2565 1263 2572 —
1295 2546 1362 2592 3⁰.)
1387 2547 1512 2581 titulus
1531 2565 1577 2573 -

143 2606 214 2649 21⁰.)
242 2615 387 2655 tempus
415 2606 627 2652 requisitum
655 2625 700 2631 --
729 2606 794 2650 5⁰.)
825 2606 921 2639 bona
949 2605 1049 2639 sides.
