1737 2802
814 138 1176 218 ’--338-ι

309 440 351 486 7)
371 441 431 474 De
456 450 542 474 non
567 440 772 475 laedendo
798 441 991 484 proxImo
1016 441 1060 475 in
1085 441 1205 476 bonis
1231 443 1368 477 famae
1395 444 1437 477 et
1461 443 1648 479 honoris.

783 700 950 744 Tiffists
986 700 1179 744 XXXII.

260 832 347 875 Lex
380 832 589 875 naturalis
622 833 786 874 omnino
814 831 1013 888 prohibet,
1049 847 1096 874 nc
1130 833 1218 890 qzu's
1249 832 1371 876 alteri
1403 834 1445 876 in
1478 831 1591 876 bonis
1613 831 1695 890 fa-

381 919 469 946 mae
503 912 538 946 et
570 903 732 945 honoris
765 902 908 945 iniuste.
946 911 1094 946 noceat.

381 1038 449 1092 98.
487 1037 875 1079 DEMONSTRArto.
910 1035 1024 1078 Inter
1057 1034 1169 1078 bona
1202 1035 1281 1092 (1),
1312 1051 1420 1094 quae
1453 1034 1591 1078 homo
1623 1051 1696 1078 ve-

261 1109 486 1152 hementer
520 1106 673 1164 diligit,
707 1119 985 1150 recensentur
1020 1106 1121 1149 haec
1166 1105 1268 1163 duo,
1291 1106 1420 1164 fama
1468 1119 1510 1150 et
1555 1107 1694 1152 honor.

259 1181 351 1223 Lex
383 1194 486 1222 vero
521 1178 726 1221 naturalis
763 1178 946 1220 omnino
981 1177 1193 1235 prohibet,
1227 1193 1280 1222 ne
1313 1178 1356 1221 in
1405 1177 1523 1222 hisce
1570 1177 1695 1222 bonis

258 1252 509 1309 proximum
544 1250 701 1292 iniuste
732 1248 964 1294 laedamus,

379 1323 410 1365 Ι.
446 1323 640 1378 Agemus
675 1321 818 1378 primo
844 1320 895 1364 de
924 1321 1083 1364 iniusta
1115 1320 1303 1364 laesione
1328 1321 1491 1379 famae.
1513 1346 1571 1354 —
1595 1321 1695 1364 Hoc

256 1392 485 1449 vocabulo,
519 1392 647 1444 fama,
683 1406 762 1435 nos
797 1391 866 1434 hic
909 1391 1190 1448 intelligimus
1223 1391 1380 1435 bonam
1421 1393 1693 1436 aestimatio—

258 1481 372 1517 nem,
408 1480 490 1522 qua
524 1464 620 1521 quis
669 1462 828 1520 gaudet
876 1462 989 1521 apud
1023 1462 1143 1519 alios,
1176 1463 1256 1506 viri
1306 1461 1430 1521 probi
1474 1475 1515 1506 et
1550 1463 1694 1506 hone-

258 1537 310 1579 sti
345 1537 419 1591 (2).
460 1534 729 1578 Huiusmodi
778 1533 889 1577 bona
937 1535 1180 1577 aestimatio
1229 1546 1292 1578 est
1340 1546 1435 1576 tum
1483 1548 1693 1591 magnum

255 1608 420 1651 bonum
455 1609 497 1650 in
533 1623 576 1650 se
611 1620 706 1649 tum
741 1606 836 1650 fons
871 1606 1059 1664 plurium
1095 1605 1328 1664 bonorum,
1362 1607 1615 1664 praesertim
1649 1607 1693 1650 in

255 1681 341 1722 vita
376 1680 487 1722 civili
512 1680 584 1735 (3).
608 1680 724 1721 Hinc
748 1679 951 1722 homines
978 1679 1132 1722 merito
1158 1695 1250 1722 earn
1276 1678 1422 1735 magni
1447 1678 1693 1722 aestimant:

349 1916 406 1961 (1)
434 1914 509 1951 Cfr.
537 1927 562 1949 s.
590 1915 848 1961 Augustinum‚
877 1914 920 1949 de
947 1914 1008 1948 lib.
1036 1915 1111 1948 arb.
1139 1914 1164 1950 1.
1201 1924 1229 1949 1.
1247 1925 1278 1948 c.
1306 1921 1370 1957 15„
1398 1914 1457 1948 ubi
1483 1914 1580 1948 varia
1605 1912 1695 1949 haec

256 1976 349 2010 bona
378 1984 554 2010 recenset.
582 1994 625 2000 —-
653 1976 723 2009 Pro
752 1975 819 2008 hac
850 1974 945 2008 thesi
973 1973 1018 2008 cf.
1048 1985 1074 2008 s.
1102 1973 1301 2016 Thomam,
1328 1983 1363 2008 2.
1393 1983 1425 2008 2.
1453 1985 1486 2020 q.
1513 1972 1632 2018 67-76.

349 2035 404 2078 (2)
432 2036 542 2069 Fama
572 2045 716 2080 quoque
742 2043 795 2069 est
824 2035 921 2068 bona
949 2033 1044 2079 apud
1071 2033 1163 2068 alios
1190 2032 1394 2068 aestimatio
1423 2033 1489 2067 viri
1516 2033 1609 2068 docti
1627 2033 1696 2067 elo-

255 2095 383 2139 quentis
419 2094 525 2140 periti
555 2094 588 2126 in
616 2098 689 2127 arte
715 2102 785 2127 etc.
815 2092 884 2127 Sed
912 2103 979 2126 nos
1001 2093 1186 2138 praecipue
1223 2091 1407 2138 loquimur
1435 2091 1480 2126 de
1506 2092 1602 2126 bona
1628 2103 1695 2126 ae·
1733 2135 1736 2137 ‚

255 2154 464 2188 stiniatione
491 2153 555 2186 viri
583 2153 697 2197 probi.
727 2152 834 2194 Quae
862 2152 905 2186 de
932 2151 999 2185 hac
1028 2151 1193 2189 dicimus,
1223 2150 1328 2185 facile
1356 2151 1421 2186 erit
1460 2150 1505 2185 ad
1542 2162 1693 2186 omnem
1726 2143 1731 2147 ⁸

255 2215 388 2247 bonan]
416 2214 711 2247 aestimationem
741 2223 804 2246 seu
832 2211 968 2245 famam
997 2210 1199 2246 extendere.

351 2275 408 2316 (ς)
435 2273 483 2307 L't
510 2282 591 2318 apte
619 2272 875 2306 animadvertit
903 2282 929 2305 s.
955 2271 1132 2313 Thomas,
1161 2280 1191 2304 2.
1221 2281 1251 2305 2.
1282 2282 1314 2316 q.
1342 2280 1398 2314 74.
1427 2281 1459 2306 a.
1486 2279 1529 2314 2.‚
1559 2269 1693 2305 «fama

259 2332 345 2376 ipsa,
376 2343 467 2376 quac·
496 2342 558 2375 per
583 2330 849 2365 detractionem
878 2331 1030 2364 tollitur.
1050 2330 1093 2364 ad
1120 2331 1191 2364 hoc
1219 2330 1379 2364 maxime
1405 2330 1611 2364 necessaria
1627 2337 1693 2370 est,

253 2400 290 2424 nt
318 2391 404 2424 hom
426 2408 431 2422 ι
462 2392 613 2425 idoneus
632 2391 674 2424 ad
695 2391 897 2425 amicitiam
925 2390 1145 2426 habeatur.»
1171 2409 1217 2415 -
1235 2390 1358 2435 Itaque
1384 2389 1512 2424 tollere
1538 2388 1690 2429 famam,

256 2457 306 2482 est
336 2448 429 2482 {dein
459 2461 497 2482 ac
526 2449 656 2483 tollere
685 2450 823 2484 amisos.
850 2448 920 2483 Sed
947 2450 1023 2483 sine
1049 2449 1180 2482 amicis
1205 2458 1316 2482 nemo
1343 2448 1456 2482 vitam
1482 2447 1548 2482 sibi
1583 2456 1692 2493 opta-

253 2509 361 2542 bilem
391 2520 468 2543 esse
496 2509 605 2551 ducit,
634 2509 776 2543 etiamsi
805 2519 1009 2543 ceterorum
1045 2508 1213 2542 omnium
1249 2507 1433 2541 bonorum
1473 2506 1579 2552 copia
1621 2506 1692 2540 cir-

254 2567 436 2602 cumfluat:
466 2566 545 2599 ἄνευ
574 2569 680 2612 »rom
713 2565 829 2604 οὐδεὶς
851 2566 955 2600 ἕλοιτ’
976 2565 1016 2598 ἂν
1040 2569 1113 2607 ζῆν,
1133 2565 1226 2612 ἔχων
1245 2566 1286 2599 τὰ
1306 2565 1411 2600 ὶοιπὰ.
1429 2554 1693 2608 ἀγάθᾷπάντα.

252 2628 307 2662 Ita
334 2626 560 2669 Aristoteles,
589 2626 697 2661 ethic.
726 2626 824 2660 VIII.
858 2635 885 2660 1.
