<?xml version="1.0" encoding="UTF-8"?>
<!DOCTYPE html PUBLIC "-//W3C//DTD XHTML 1.0 Transitional//EN"
    "http://www.w3.org/TR/xhtml1/DTD/xhtml1-transitional.dtd">
<html xmlns="http://www.w3.org/1999/xhtml" xml:lang="en" lang="en">
 <head>
  <title>
</title>
<meta http-equiv="Content-Type" content="text/html;charset=utf-8" />
  <meta name='ocr-system' content='tesseract 3.04.00' />
  <meta name='ocr-capabilities' content='ocr_page ocr_carea ocr_par ocr_line ocrx_word'/>
</head>
<body>
  <div class='ocr_page' id='page_1' title='image "./institutionesphi02ferr_0337.png"; bbox 0 0 1737 2802; ppageno 0'>
   <div class='ocr_carea' id='block_1_1' title="bbox 662 129 928 172">
    <p class='ocr_par' dir='ltr' id='par_1_1' title="bbox 662 129 928 172">
     <span class='ocr_line' id='line_1_1' title="bbox 662 129 928 172; baseline 0.015 -17"><span class='ocrx_word' id='word_1_1' title='bbox 662 129 928 172; x_wconf 81' lang='lat'>—325—</span> 
     </span>
    </p>
   </div>
   <div class='ocr_carea' id='block_1_2' title="bbox 71 210 1511 485">
    <p class='ocr_par' dir='ltr' id='par_1_2' title="bbox 71 210 1511 485">
     <span class='ocr_line' id='line_1_2' title="bbox 199 210 1510 270; baseline -0.002 -14"><span class='ocrx_word' id='word_1_2' title='bbox 199 212 438 270; x_wconf 87' lang='lat' dir='ltr'><strong>Arguimus</strong></span> <span class='ocrx_word' id='word_1_3' title='bbox 474 212 551 269; x_wconf 87' lang='lat'><strong>2⁰.)</strong></span> <span class='ocrx_word' id='word_1_4' title='bbox 586 229 636 256; x_wconf 84' lang='lat' dir='ltr'><strong>ex</strong></span> <span class='ocrx_word' id='word_1_5' title='bbox 660 224 868 270; x_wconf 88' lang='lat' dir='ltr'><strong>conceptu</strong></span> <span class='ocrx_word' id='word_1_6' title='bbox 893 212 990 269; x_wconf 90' lang='lat' dir='ltr'><strong>ipso</strong></span> <span class='ocrx_word' id='word_1_7' title='bbox 1017 210 1199 255; x_wconf 87' lang='lat' dir='ltr'><strong>dominii</strong></span> <span class='ocrx_word' id='word_1_8' title='bbox 1223 211 1510 268; x_wconf 82' lang='lat' dir='ltr'>proprietatis.</span> 
     </span>
     <span class='ocr_line' id='line_1_3' title="bbox 71 281 1511 336; baseline -0.002 -9"><span class='ocrx_word' id='word_1_9' title='bbox 71 283 262 336; x_wconf 86' lang='lat' dir='ltr'><strong>—Qui</strong></span> <span class='ocrx_word' id='word_1_10' title='bbox 296 296 359 327; x_wconf 89' lang='lat' dir='ltr'><strong>est</strong></span> <span class='ocrx_word' id='word_1_11' title='bbox 393 283 598 326; x_wconf 87' lang='lat' dir='ltr'><strong>dominus</strong></span> <span class='ocrx_word' id='word_1_12' title='bbox 633 284 692 326; x_wconf 89' lang='lat' dir='ltr'><strong>rei</strong></span> <span class='ocrx_word' id='word_1_13' title='bbox 727 283 920 336; x_wconf 80' lang='lat' dir='ltr'><strong>alicuius,</strong></span> <span class='ocrx_word' id='word_1_14' title='bbox 956 281 1079 326; x_wconf 83' lang='lat' dir='ltr'><strong>habet</strong></span> <span class='ocrx_word' id='word_1_15' title='bbox 1112 283 1178 325; x_wconf 86' lang='lat' dir='ltr'><strong>ius</strong></span> <span class='ocrx_word' id='word_1_16' title='bbox 1212 297 1306 325; x_wconf 87' lang='lat' dir='ltr'><strong>eam</strong></span> <span class='ocrx_word' id='word_1_17' title='bbox 1343 281 1511 326; x_wconf 89' lang='lat' dir='ltr'><strong>destru-</strong></span> 
     </span>
     <span class='ocr_line' id='line_1_4' title="bbox 71 351 1510 408; baseline -0.004 -8"><span class='ocrx_word' id='word_1_18' title='bbox 71 355 194 408; x_wconf 82' lang='lat' dir='ltr'><strong>endi,</strong></span> <span class='ocrx_word' id='word_1_19' title='bbox 227 352 583 406; x_wconf 80' lang='lat' dir='ltr'><strong>transformandi,</strong></span> <span class='ocrx_word' id='word_1_20' title='bbox 609 355 832 405; x_wconf 78' lang='lat' dir='ltr'><strong>alienandi,</strong></span> <span class='ocrx_word' id='word_1_21' title='bbox 859 354 977 397; x_wconf 81' lang='lat' dir='ltr'><strong>alteri</strong></span> <span class='ocrx_word' id='word_1_22' title='bbox 1013 353 1186 397; x_wconf 92' lang='lat' dir='ltr'><strong>cedendi</strong></span> <span class='ocrx_word' id='word_1_23' title='bbox 1211 369 1286 396; x_wconf 88' lang='lat' dir='ltr'><strong>seu</strong></span> <span class='ocrx_word' id='word_1_24' title='bbox 1321 351 1510 396; x_wconf 89' lang='lat' dir='ltr'><strong>donandi</strong></span> 
     </span>
     <span class='ocr_line' id='line_1_5' title="bbox 79 415 1511 485; baseline -0.002 -16"><span class='ocrx_word' id='word_1_25' title='bbox 79 441 160 485; x_wconf 91' lang='lat' dir='ltr'><strong>pro</strong></span> <span class='ocrx_word' id='word_1_26' title='bbox 192 415 326 468; x_wconf 83' lang='lat' dir='ltr'><strong>libito:</strong></span> <span class='ocrx_word' id='word_1_27' title='bbox 360 424 544 478; x_wconf 87' lang='lat' dir='ltr'><strong>brevius,</strong></span> <span class='ocrx_word' id='word_1_28' title='bbox 579 425 704 469; x_wconf 78' lang='lat' dir='ltr'><strong>habet</strong></span> <span class='ocrx_word' id='word_1_29' title='bbox 752 428 816 469; x_wconf 85' lang='lat' dir='ltr'><strong>ius</strong></span> <span class='ocrx_word' id='word_1_30' title='bbox 851 423 1108 482; x_wconf 88' lang='lat' dir='ltr'><strong>disponendi</strong></span> <span class='ocrx_word' id='word_1_31' title='bbox 1157 437 1286 481; x_wconf 89' lang='lat' dir='ltr'><strong>prout</strong></span> <span class='ocrx_word' id='word_1_32' title='bbox 1319 423 1410 466; x_wconf 81' lang='lat' dir='ltr'><strong>vult</strong></span> <span class='ocrx_word' id='word_1_33' title='bbox 1459 423 1511 466; x_wconf 92' lang='lat' dir='ltr'><strong>de</strong></span> 
     </span>
    </p>
   </div>
   <div class='ocr_carea' id='block_1_3' title="bbox 75 495 1575 554">
    <p class='ocr_par' dir='ltr' id='par_1_3' title="bbox 75 495 1575 554">
     <span class='ocr_line' id='line_1_6' title="bbox 75 495 1575 554; baseline -0.001 -14"><span class='ocrx_word' id='word_1_34' title='bbox 75 512 125 540; x_wconf 75' lang='lat' dir='ltr'><strong>re</strong></span> <span class='ocrx_word' id='word_1_35' title='bbox 160 497 226 539; x_wconf 84' lang='lat' dir='ltr'><strong>illa</strong></span> <span class='ocrx_word' id='word_1_36' title='bbox 259 512 348 550; x_wconf 78' lang='lat' dir='ltr'><strong>sua,</strong></span> <span class='ocrx_word' id='word_1_37' title='bbox 373 496 578 554; x_wconf 80' lang='lat' dir='ltr'>quamdiu</span> <span class='ocrx_word' id='word_1_38' title='bbox 605 510 747 540; x_wconf 79' lang='lat' dir='ltr'><strong>manet</strong></span> <span class='ocrx_word' id='word_1_39' title='bbox 772 512 844 539; x_wconf 83' lang='lat' dir='ltr'><strong>sua</strong></span> <span class='ocrx_word' id='word_1_40' title='bbox 868 498 942 552; x_wconf 85' lang='lat'>(1).</span> <span class='ocrx_word' id='word_1_41' title='bbox 970 497 1108 538; x_wconf 87' lang='lat' dir='ltr'><strong>Porro</strong></span> <span class='ocrx_word' id='word_1_42' title='bbox 1133 495 1507 553; x_wconf 83' lang='lat' dir='ltr'>quemadmodum</span> <span class='ocrx_word' id='word_1_43' title='bbox 1567 532 1575 539; x_wconf 89' lang='lat'>.</span> 
     </span>
    </p>
   </div>
   <div class='ocr_carea' id='block_1_4' title="bbox 71 567 1510 2190">
    <p class='ocr_par' dir='ltr' id='par_1_4' title="bbox 71 567 1510 1677">
     <span class='ocr_line' id='line_1_7' title="bbox 74 567 1509 626; baseline -0.002 -15"><span class='ocrx_word' id='word_1_44' title='bbox 74 580 223 626; x_wconf 84' lang='lat' dir='ltr'><strong>potest</strong></span> <span class='ocrx_word' id='word_1_45' title='bbox 255 568 373 611; x_wconf 85' lang='lat' dir='ltr'><strong>alteri</strong></span> <span class='ocrx_word' id='word_1_46' title='bbox 408 583 498 611; x_wconf 88' lang='lat' dir='ltr'><strong>rem</strong></span> <span class='ocrx_word' id='word_1_47' title='bbox 534 568 683 611; x_wconf 83' lang='lat' dir='ltr'><strong>cedere</strong></span> <span class='ocrx_word' id='word_1_48' title='bbox 717 584 790 610; x_wconf 74' lang='lat' dir='ltr'><strong>seu</strong></span> <span class='ocrx_word' id='word_1_49' title='bbox 827 567 878 610; x_wconf 91' lang='lat' dir='ltr'><strong>de</strong></span> <span class='ocrx_word' id='word_1_50' title='bbox 913 583 959 610; x_wconf 79' lang='lat' dir='ltr'><strong>ea</strong></span> <span class='ocrx_word' id='word_1_51' title='bbox 997 567 1228 623; x_wconf 81' lang='lat' dir='ltr'><strong>disponere</strong></span> <span class='ocrx_word' id='word_1_52' title='bbox 1277 581 1383 609; x_wconf 78' lang='lat' dir='ltr'><strong>nunc:</strong></span> <span class='ocrx_word' id='word_1_53' title='bbox 1430 581 1509 624; x_wconf 90' lang='lat' dir='ltr'><strong>pro</strong></span> 
     </span>
     <span class='ocr_line' id='line_1_8' title="bbox 75 637 1507 696; baseline -0.003 -14"><span class='ocrx_word' id='word_1_54' title='bbox 75 654 200 692; x_wconf 80' lang='lat' dir='ltr'><strong>nunc3</strong></span> <span class='ocrx_word' id='word_1_55' title='bbox 223 640 284 682; x_wconf 86' lang='lat' dir='ltr'><strong>sic</strong></span> <span class='ocrx_word' id='word_1_56' title='bbox 303 640 428 682; x_wconf 83' lang='lat' dir='ltr'><strong>etiam</strong></span> <span class='ocrx_word' id='word_1_57' title='bbox 450 652 590 696; x_wconf 87' lang='lat' dir='ltr'><strong>potest</strong></span> <span class='ocrx_word' id='word_1_58' title='bbox 625 638 729 681; x_wconf 86' lang='lat' dir='ltr'><strong>illud</strong></span> <span class='ocrx_word' id='word_1_59' title='bbox 754 638 867 681; x_wconf 87' lang='lat' dir='ltr'><strong>idem</strong></span> <span class='ocrx_word' id='word_1_60' title='bbox 896 637 1030 680; x_wconf 71' lang='lat' dir='ltr'><strong>facere</strong></span> <span class='ocrx_word' id='word_1_61' title='bbox 1054 653 1162 681; x_wconf 81' lang='lat' dir='ltr'><strong>nunc</strong></span> <span class='ocrx_word' id='word_1_62' title='bbox 1186 652 1263 694; x_wconf 89' lang='lat' dir='ltr'><strong>pro</strong></span> <span class='ocrx_word' id='word_1_63' title='bbox 1289 646 1394 689; x_wconf 82' lang='lat' dir='ltr'><strong>tunc,</strong></span> <span class='ocrx_word' id='word_1_64' title='bbox 1416 637 1443 679; x_wconf 88' lang='lat' dir='ltr'><strong>i.</strong></span> <span class='ocrx_word' id='word_1_65' title='bbox 1471 651 1507 679; x_wconf 90' lang='lat' dir='ltr'><strong>e.</strong></span> 
     </span>
     <span class='ocr_line' id='line_1_9' title="bbox 75 709 1507 768; baseline -0.002 -16"><span class='ocrx_word' id='word_1_66' title='bbox 75 726 160 768; x_wconf 79' lang='lat' dir='ltr'><strong>pro</strong></span> <span class='ocrx_word' id='word_1_67' title='bbox 194 709 342 753; x_wconf 90' lang='lat' dir='ltr'><strong>futuro</strong></span> <span class='ocrx_word' id='word_1_68' title='bbox 376 709 459 752; x_wconf 85' lang='lat' dir='ltr'><strong>alio</strong></span> <span class='ocrx_word' id='word_1_69' title='bbox 493 710 602 752; x_wconf 76' lang='lat' dir='ltr'><strong>vitae</strong></span> <span class='ocrx_word' id='word_1_70' title='bbox 636 724 736 751; x_wconf 76' lang='lat' dir='ltr'><strong>suae</strong></span> <span class='ocrx_word' id='word_1_71' title='bbox 773 709 959 763; x_wconf 75' lang='lat' dir='ltr'><strong>instanti,</strong></span> <span class='ocrx_word' id='word_1_72' title='bbox 982 723 1069 751; x_wconf 90' lang='lat' dir='ltr'><strong>non</strong></span> <span class='ocrx_word' id='word_1_73' title='bbox 1094 720 1273 765; x_wconf 88' lang='lat' dir='ltr'><strong>excepto</strong></span> <span class='ocrx_word' id='word_1_74' title='bbox 1298 723 1399 750; x_wconf 81' lang='lat' dir='ltr'><strong>sane</strong></span> <span class='ocrx_word' id='word_1_75' title='bbox 1431 722 1507 749; x_wconf 87' lang='lat' dir='ltr'><strong>su-</strong></span> 
     </span>
     <span class='ocr_line' id='line_1_10' title="bbox 73 778 1510 839; baseline -0.002 -16"><span class='ocrx_word' id='word_1_76' title='bbox 73 789 218 839; x_wconf 78' lang='lat' dir='ltr'><strong>premo</strong></span> <span class='ocrx_word' id='word_1_77' title='bbox 251 783 358 824; x_wconf 79' lang='lat' dir='ltr'><strong>vitae</strong></span> <span class='ocrx_word' id='word_1_78' title='bbox 384 790 595 836; x_wconf 78' lang='lat' dir='ltr'><strong>momento,</strong></span> <span class='ocrx_word' id='word_1_79' title='bbox 619 795 706 837; x_wconf 87' lang='lat' dir='ltr'><strong>quo</strong></span> <span class='ocrx_word' id='word_1_80' title='bbox 732 792 958 822; x_wconf 86' lang='lat' dir='ltr'><strong>momento</strong></span> <span class='ocrx_word' id='word_1_81' title='bbox 983 779 1052 821; x_wconf 78' lang='lat' dir='ltr'><strong>illa</strong></span> <span class='ocrx_word' id='word_1_82' title='bbox 1075 794 1156 835; x_wconf 87' lang='lat' dir='ltr'><strong>res,</strong></span> <span class='ocrx_word' id='word_1_83' title='bbox 1180 778 1292 821; x_wconf 82' lang='lat' dir='ltr'><strong>haud</strong></span> <span class='ocrx_word' id='word_1_84' title='bbox 1317 793 1440 821; x_wconf 89' lang='lat' dir='ltr'><strong>secus</strong></span> <span class='ocrx_word' id='word_1_85' title='bbox 1465 792 1510 820; x_wconf 84' lang='lat' dir='ltr'><strong>ac</strong></span> 
     </span>
     <span class='ocr_line' id='line_1_11' title="bbox 78 848 1509 909; baseline -0.002 -15"><span class='ocrx_word' id='word_1_86' title='bbox 78 853 120 894; x_wconf 88' lang='lat' dir='ltr'><strong>in</strong></span> <span class='ocrx_word' id='word_1_87' title='bbox 158 851 522 909; x_wconf 71' lang='lat' dir='ltr'><strong>praecedentibuS,</strong></span> <span class='ocrx_word' id='word_1_88' title='bbox 542 851 679 894; x_wconf 82' lang='lat' dir='ltr'><strong>adhuc</strong></span> <span class='ocrx_word' id='word_1_89' title='bbox 713 864 775 894; x_wconf 87' lang='lat' dir='ltr'><strong>est</strong></span> <span class='ocrx_word' id='word_1_90' title='bbox 809 866 908 893; x_wconf 83' lang='lat' dir='ltr'><strong>vere</strong></span> <span class='ocrx_word' id='word_1_91' title='bbox 941 866 985 893; x_wconf 74' lang='lat' dir='ltr'><strong>ac</strong></span> <span class='ocrx_word' id='word_1_92' title='bbox 1020 851 1193 908; x_wconf 86' lang='lat' dir='ltr'><strong>proprie</strong></span> <span class='ocrx_word' id='word_1_93' title='bbox 1226 864 1313 892; x_wconf 83' lang='lat' dir='ltr'><strong>sua.</strong></span> <span class='ocrx_word' id='word_1_94' title='bbox 1335 848 1419 892; x_wconf 84' lang='lat' dir='ltr'><strong>Sed</strong></span> <span class='ocrx_word' id='word_1_95' title='bbox 1443 849 1509 891; x_wconf 86' lang='lat' dir='ltr'><strong>ius</strong></span> 
     </span>
     <span class='ocr_line' id='line_1_12' title="bbox 77 920 1510 978; baseline -0.004 -11"><span class='ocrx_word' id='word_1_96' title='bbox 77 923 264 967; x_wconf 84' lang='lat' dir='ltr'><strong>testandi</strong></span> <span class='ocrx_word' id='word_1_97' title='bbox 287 939 376 966; x_wconf 88' lang='lat' dir='ltr'><strong>non</strong></span> <span class='ocrx_word' id='word_1_98' title='bbox 411 936 473 966; x_wconf 92' lang='lat' dir='ltr'><strong>est</strong></span> <span class='ocrx_word' id='word_1_99' title='bbox 498 924 577 965; x_wconf 86' lang='lat' dir='ltr'><strong>nisi</strong></span> <span class='ocrx_word' id='word_1_100' title='bbox 605 924 669 965; x_wconf 87' lang='lat' dir='ltr'><strong>ius</strong></span> <span class='ocrx_word' id='word_1_101' title='bbox 694 922 880 965; x_wconf 76' lang='lat' dir='ltr'><strong>donandi</strong></span> <span class='ocrx_word' id='word_1_102' title='bbox 916 937 1005 965; x_wconf 89' lang='lat' dir='ltr'><strong>rem</strong></span> <span class='ocrx_word' id='word_1_103' title='bbox 1029 921 1163 978; x_wconf 84' lang='lat' dir='ltr'><strong>alteri,</strong></span> <span class='ocrx_word' id='word_1_104' title='bbox 1187 937 1261 963; x_wconf 90' lang='lat' dir='ltr'><strong>seu</strong></span> <span class='ocrx_word' id='word_1_105' title='bbox 1292 920 1342 963; x_wconf 90' lang='lat' dir='ltr'><strong>de</strong></span> <span class='ocrx_word' id='word_1_106' title='bbox 1366 935 1411 962; x_wconf 94' lang='lat' dir='ltr'><strong>re</strong></span> <span class='ocrx_word' id='word_1_107' title='bbox 1435 935 1510 962; x_wconf 86' lang='lat' dir='ltr'><strong>sua</strong></span> 
     </span>
     <span class='ocr_line' id='line_1_13' title="bbox 74 994 1510 1053; baseline -0.002 -15"><span class='ocrx_word' id='word_1_108' title='bbox 74 995 338 1052; x_wconf 85' lang='lat' dir='ltr'><strong>disponendi</strong></span> <span class='ocrx_word' id='word_1_109' title='bbox 372 1011 478 1038; x_wconf 80' lang='lat' dir='ltr'><strong>nunc</strong></span> <span class='ocrx_word' id='word_1_110' title='bbox 513 1010 588 1052; x_wconf 90' lang='lat' dir='ltr'><strong>pro</strong></span> <span class='ocrx_word' id='word_1_111' title='bbox 621 1004 806 1053; x_wconf 71' lang='lat' dir='ltr'><strong>supremo</strong></span> <span class='ocrx_word' id='word_1_112' title='bbox 840 997 949 1037; x_wconf 78' lang='lat' dir='ltr'><strong>vitae</strong></span> <span class='ocrx_word' id='word_1_113' title='bbox 983 995 1166 1038; x_wconf 79' lang='lat' dir='ltr'><strong>instanti.</strong></span> <span class='ocrx_word' id='word_1_114' title='bbox 1202 995 1316 1050; x_wconf 83' lang='lat' dir='ltr'><strong>Ergo</strong></span> <span class='ocrx_word' id='word_1_115' title='bbox 1351 994 1423 1050; x_wconf 87' lang='lat' dir='ltr'><strong>qui</strong></span> <span class='ocrx_word' id='word_1_116' title='bbox 1447 1006 1510 1036; x_wconf 90' lang='lat' dir='ltr'><strong>est</strong></span> 
     </span>
     <span class='ocr_line' id='line_1_14' title="bbox 74 1064 1509 1123; baseline -0.002 -14"><span class='ocrx_word' id='word_1_117' title='bbox 74 1065 285 1109; x_wconf 87' lang='lat' dir='ltr'><strong>dominus</strong></span> <span class='ocrx_word' id='word_1_118' title='bbox 320 1067 380 1109; x_wconf 90' lang='lat' dir='ltr'><strong>rei</strong></span> <span class='ocrx_word' id='word_1_119' title='bbox 414 1066 606 1119; x_wconf 85' lang='lat' dir='ltr'><strong>alicuius,</strong></span> <span class='ocrx_word' id='word_1_120' title='bbox 640 1066 765 1109; x_wconf 86' lang='lat' dir='ltr'><strong>habet</strong></span> <span class='ocrx_word' id='word_1_121' title='bbox 813 1081 986 1123; x_wconf 87' lang='lat' dir='ltr'><strong>quoque</strong></span> <span class='ocrx_word' id='word_1_122' title='bbox 1034 1067 1100 1108; x_wconf 87' lang='lat' dir='ltr'><strong>ius</strong></span> <span class='ocrx_word' id='word_1_123' title='bbox 1134 1064 1329 1108; x_wconf 83' lang='lat' dir='ltr'><strong>testandi.</strong></span> <span class='ocrx_word' id='word_1_124' title='bbox 1365 1065 1509 1107; x_wconf 83' lang='lat' dir='ltr'><strong>Huius</strong></span> 
     </span>
     <span class='ocr_line' id='line_1_15' title="bbox 76 1135 1510 1194; baseline -0.002 -14"><span class='ocrx_word' id='word_1_125' title='bbox 76 1138 184 1180; x_wconf 85' lang='lat' dir='ltr'><strong>iuris</strong></span> <span class='ocrx_word' id='word_1_126' title='bbox 209 1138 306 1180; x_wconf 89' lang='lat' dir='ltr'><strong>usui</strong></span> <span class='ocrx_word' id='word_1_127' title='bbox 331 1138 564 1194; x_wconf 78' lang='lat' dir='ltr'><strong>respondet</strong></span> <span class='ocrx_word' id='word_1_128' title='bbox 598 1139 639 1180; x_wconf 88' lang='lat' dir='ltr'><strong>in</strong></span> <span class='ocrx_word' id='word_1_129' title='bbox 673 1137 825 1189; x_wconf 82' lang='lat' dir='ltr'><strong>altero,</strong></span> <span class='ocrx_word' id='word_1_130' title='bbox 860 1139 901 1180; x_wconf 87' lang='lat' dir='ltr'><strong>in</strong></span> <span class='ocrx_word' id='word_1_131' title='bbox 937 1138 1058 1179; x_wconf 90' lang='lat' dir='ltr'><strong>cuius</strong></span> <span class='ocrx_word' id='word_1_132' title='bbox 1094 1135 1284 1179; x_wconf 82' lang='lat' dir='ltr'><strong>favorem</strong></span> <span class='ocrx_word' id='word_1_133' title='bbox 1318 1135 1424 1178; x_wconf 79' lang='lat' dir='ltr'><strong>facta</strong></span> <span class='ocrx_word' id='word_1_134' title='bbox 1457 1136 1510 1178; x_wconf 87' lang='lat' dir='ltr'><strong>sit</strong></span> 
     </span>
     <span class='ocr_line' id='line_1_16' title="bbox 74 1207 1505 1265; baseline -0.001 -15"><span class='ocrx_word' id='word_1_135' title='bbox 74 1207 323 1264; x_wconf 82' lang='lat' dir='ltr'><strong>dispositio,</strong></span> <span class='ocrx_word' id='word_1_136' title='bbox 358 1208 532 1250; x_wconf 73' lang='lat' dir='ltr'><strong>moralis</strong></span> <span class='ocrx_word' id='word_1_137' title='bbox 568 1220 756 1265; x_wconf 72' lang='lat' dir='ltr'><strong>potestas</strong></span> <span class='ocrx_word' id='word_1_138' title='bbox 792 1220 937 1265; x_wconf 72' lang='lat' dir='ltr'><strong>(quam</strong></span> <span class='ocrx_word' id='word_1_139' title='bbox 962 1207 1031 1249; x_wconf 75' lang='lat' dir='ltr'><strong>alii</strong></span> <span class='ocrx_word' id='word_1_140' title='bbox 1056 1222 1208 1250; x_wconf 89' lang='lat' dir='ltr'><strong>omnes</strong></span> <span class='ocrx_word' id='word_1_141' title='bbox 1233 1207 1414 1249; x_wconf 88' lang='lat' dir='ltr'><strong>revereri</strong></span> <span class='ocrx_word' id='word_1_142' title='bbox 1438 1219 1505 1249; x_wconf 92' lang='lat' dir='ltr'><strong>te-</strong></span> 
     </span>
     <span class='ocr_line' id='line_1_17' title="bbox 76 1277 1507 1335; baseline -0.001 -14"><span class='ocrx_word' id='word_1_143' title='bbox 76 1280 252 1335; x_wconf 86' lang='lat' dir='ltr'><strong>nentur)</strong></span> <span class='ocrx_word' id='word_1_144' title='bbox 286 1280 481 1322; x_wconf 82' lang='lat' dir='ltr'><strong>testatori</strong></span> <span class='ocrx_word' id='word_1_145' title='bbox 515 1278 771 1322; x_wconf 89' lang='lat' dir='ltr'><strong>succedendi</strong></span> <span class='ocrx_word' id='word_1_146' title='bbox 806 1279 848 1321; x_wconf 90' lang='lat' dir='ltr'><strong>in</strong></span> <span class='ocrx_word' id='word_1_147' title='bbox 882 1279 941 1322; x_wconf 91' lang='lat' dir='ltr'><strong>rei</strong></span> <span class='ocrx_word' id='word_1_148' title='bbox 978 1278 1104 1331; x_wconf 81' lang='lat' dir='ltr'><strong>illius,</strong></span> <span class='ocrx_word' id='word_1_149' title='bbox 1139 1277 1189 1321; x_wconf 93' lang='lat' dir='ltr'><strong>de</strong></span> <span class='ocrx_word' id='word_1_150' title='bbox 1224 1293 1307 1335; x_wconf 85' lang='lat' dir='ltr'><strong>qua</strong></span> <span class='ocrx_word' id='word_1_151' title='bbox 1350 1278 1507 1333; x_wconf 83' lang='lat' dir='ltr'><strong>agitur,</strong></span> 
     </span>
     <span class='ocr_line' id='line_1_18' title="bbox 76 1338 1508 1407; baseline -0.001 -15"><span class='ocrx_word' id='word_1_152' title='bbox 76 1348 338 1392; x_wconf 86' lang='lat' dir='ltr'><strong>dominium.</strong></span> <span class='ocrx_word' id='word_1_153' title='bbox 376 1349 504 1406; x_wconf 85' lang='lat' dir='ltr'><strong>Opus</strong></span> <span class='ocrx_word' id='word_1_154' title='bbox 538 1349 715 1407; x_wconf 88' lang='lat' dir='ltr'><strong>quidem</strong></span> <span class='ocrx_word' id='word_1_155' title='bbox 750 1362 827 1405; x_wconf 85' lang='lat' dir='ltr'><strong>est,</strong></span> <span class='ocrx_word' id='word_1_156' title='bbox 850 1362 896 1392; x_wconf 90' lang='lat' dir='ltr'><strong>ut</strong></span> <span class='ocrx_word' id='word_1_157' title='bbox 931 1362 1112 1405; x_wconf 89' lang='lat' dir='ltr'><strong>constet,</strong></span> <span class='ocrx_word' id='word_1_158' title='bbox 1134 1362 1386 1392; x_wconf 86' lang='lat' dir='ltr'><strong>testatorem</strong></span> <span class='ocrx_word' id='word_1_159' title='bbox 1419 1338 1508 1391; x_wconf 89' lang='lat' dir='ltr'><strong>non</strong></span> 
     </span>
     <span class='ocr_line' id='line_1_19' title="bbox 75 1420 1510 1478; baseline 0 -16"><span class='ocrx_word' id='word_1_160' title='bbox 75 1432 326 1463; x_wconf 82' lang='lat' dir='ltr'><strong>retractasse</strong></span> <span class='ocrx_word' id='word_1_161' title='bbox 359 1420 645 1473; x_wconf 77' lang='lat' dir='ltr'><strong>voluntatem,</strong></span> <span class='ocrx_word' id='word_1_162' title='bbox 681 1420 757 1463; x_wconf 87' lang='lat' dir='ltr'><strong>sed</strong></span> <span class='ocrx_word' id='word_1_163' title='bbox 791 1421 1042 1478; x_wconf 76' lang='lat' dir='ltr'><strong>perdurasse</strong></span> <span class='ocrx_word' id='word_1_164' title='bbox 1076 1422 1118 1463; x_wconf 89' lang='lat' dir='ltr'><strong>in</strong></span> <span class='ocrx_word' id='word_1_165' title='bbox 1153 1421 1390 1463; x_wconf 88' lang='lat' dir='ltr'><strong>intentione</strong></span> <span class='ocrx_word' id='word_1_166' title='bbox 1435 1435 1510 1463; x_wconf 92' lang='lat' dir='ltr'><strong>ce-</strong></span> 
     </span>
     <span class='ocr_line' id='line_1_20' title="bbox 74 1489 1509 1549; baseline -0.002 -14"><span class='ocrx_word' id='word_1_167' title='bbox 74 1492 208 1535; x_wconf 85' lang='lat' dir='ltr'><strong>-dendi</strong></span> <span class='ocrx_word' id='word_1_168' title='bbox 242 1507 331 1535; x_wconf 87' lang='lat' dir='ltr'><strong>rem</strong></span> <span class='ocrx_word' id='word_1_169' title='bbox 368 1491 425 1534; x_wconf 89' lang='lat' dir='ltr'><strong>illi</strong></span> <span class='ocrx_word' id='word_1_170' title='bbox 461 1492 593 1545; x_wconf 83' lang='lat' dir='ltr'><strong>alteri,</strong></span> <span class='ocrx_word' id='word_1_171' title='bbox 628 1508 702 1534; x_wconf 90' lang='lat' dir='ltr'><strong>seu</strong></span> <span class='ocrx_word' id='word_1_172' title='bbox 728 1491 987 1549; x_wconf 87' lang='lat' dir='ltr'><strong>disponendi</strong></span> <span class='ocrx_word' id='word_1_173' title='bbox 1012 1491 1063 1535; x_wconf 91' lang='lat' dir='ltr'><strong>de</strong></span> <span class='ocrx_word' id='word_1_174' title='bbox 1087 1506 1130 1535; x_wconf 87' lang='lat' dir='ltr'><strong>re</strong></span> <span class='ocrx_word' id='word_1_175' title='bbox 1153 1490 1225 1533; x_wconf 81' lang='lat' dir='ltr'><strong>tali</strong></span> <span class='ocrx_word' id='word_1_176' title='bbox 1251 1489 1401 1534; x_wconf 89' lang='lat' dir='ltr'><strong>modo:</strong></span> <span class='ocrx_word' id='word_1_177' title='bbox 1427 1489 1509 1532; x_wconf 94' lang='lat' dir='ltr'><strong>hoc</strong></span> 
     </span>
     <span class='ocr_line' id='line_1_21' title="bbox 76 1560 1508 1620; baseline -0.001 -15"><span class='ocrx_word' id='word_1_178' title='bbox 76 1576 224 1606; x_wconf 79' lang='lat' dir='ltr'><strong>autem</strong></span> <span class='ocrx_word' id='word_1_179' title='bbox 258 1563 537 1607; x_wconf 88' lang='lat' dir='ltr'><strong>manifestum</strong></span> <span class='ocrx_word' id='word_1_180' title='bbox 571 1563 642 1606; x_wconf 89' lang='lat' dir='ltr'><strong>fiet</strong></span> <span class='ocrx_word' id='word_1_181' title='bbox 665 1580 714 1606; x_wconf 86' lang='lat' dir='ltr'><strong>ex</strong></span> <span class='ocrx_word' id='word_1_182' title='bbox 747 1576 1026 1615; x_wconf 81' lang='lat' dir='ltr'><strong>testamento,</strong></span> <span class='ocrx_word' id='word_1_183' title='bbox 1054 1562 1172 1620; x_wconf 89' lang='lat' dir='ltr'><strong>quod</strong></span> <span class='ocrx_word' id='word_1_184' title='bbox 1196 1561 1411 1618; x_wconf 84' lang='lat' dir='ltr'><strong>definitur,</strong></span> <span class='ocrx_word' id='word_1_185' title='bbox 1436 1560 1508 1606; x_wconf 90' lang='lat' dir='ltr'><strong>de·</strong></span> 
     </span>
     <span class='ocr_line' id='line_1_22' title="bbox 71 1632 948 1677; baseline 0.001 -2"><span class='ocrx_word' id='word_1_186' title='bbox 71 1633 253 1676; x_wconf 71' lang='lat' dir='ltr'><strong>claratio</strong></span> <span class='ocrx_word' id='word_1_187' title='bbox 288 1633 464 1677; x_wconf 86' lang='lat' dir='ltr'><strong>ultimae</strong></span> <span class='ocrx_word' id='word_1_188' title='bbox 497 1647 667 1676; x_wconf 87' lang='lat' dir='ltr'><strong>nostrae</strong></span> <span class='ocrx_word' id='word_1_189' title='bbox 700 1632 948 1676; x_wconf 83' lang='lat' dir='ltr'><strong>voluntatis.</strong></span> 
     </span>
    </p>

    <p class='ocr_par' dir='ltr' id='par_1_5' title="bbox 71 1702 1510 2190">
     <span class='ocr_line' id='line_1_23' title="bbox 200 1702 1506 1762; baseline -0.004 -12"><span class='ocrx_word' id='word_1_190' title='bbox 200 1704 441 1750; x_wconf 82' lang='lat' dir='ltr'><strong>Obiiciunt:</strong></span> <span class='ocrx_word' id='word_1_191' title='bbox 476 1706 720 1759; x_wconf 86' lang='lat' dir='ltr'><strong>Quomodo</strong></span> <span class='ocrx_word' id='word_1_192' title='bbox 755 1721 776 1747; x_wconf 95' lang='lat' dir='ltr'><strong>e</strong></span> <span class='ocrx_word' id='word_1_193' title='bbox 810 1704 1041 1762; x_wconf 81' lang='lat' dir='ltr'><strong>sepulchro</strong></span> <span class='ocrx_word' id='word_1_194' title='bbox 1087 1716 1268 1762; x_wconf 90' lang='lat' dir='ltr'><strong>possunt</strong></span> <span class='ocrx_word' id='word_1_195' title='bbox 1316 1702 1506 1746; x_wconf 89' lang='lat' dir='ltr'><strong>defuncti</strong></span> 
     </span>
     <span class='ocr_line' id='line_1_24' title="bbox 73 1773 1508 1833; baseline -0.002 -16"><span class='ocrx_word' id='word_1_196' title='bbox 73 1775 313 1833; x_wconf 81' lang='lat' dir='ltr'><strong>disponere</strong></span> <span class='ocrx_word' id='word_1_197' title='bbox 347 1775 486 1818; x_wconf 83' lang='lat' dir='ltr'><strong>adhuc</strong></span> <span class='ocrx_word' id='word_1_198' title='bbox 521 1775 571 1818; x_wconf 87' lang='lat' dir='ltr'><strong>de</strong></span> <span class='ocrx_word' id='word_1_199' title='bbox 605 1776 654 1817; x_wconf 88' lang='lat' dir='ltr'><strong>iis</strong></span> <span class='ocrx_word' id='word_1_200' title='bbox 690 1774 830 1829; x_wconf 89' lang='lat' dir='ltr'><strong>rebus,</strong></span> <span class='ocrx_word' id='word_1_201' title='bbox 865 1790 1046 1832; x_wconf 81' lang='lat' dir='ltr'><strong>quarum</strong></span> <span class='ocrx_word' id='word_1_202' title='bbox 1096 1774 1417 1831; x_wconf 88' lang='lat' dir='ltr'><strong>possessionem</strong></span> <span class='ocrx_word' id='word_1_203' title='bbox 1465 1773 1508 1814; x_wconf 89' lang='lat' dir='ltr'><strong>in</strong></span> 
     </span>
     <span class='ocr_line' id='line_1_25' title="bbox 72 1845 1508 1905; baseline -0.001 -15"><span class='ocrx_word' id='word_1_204' title='bbox 72 1847 164 1890; x_wconf 77' lang='lat' dir='ltr'><strong>vita</strong></span> <span class='ocrx_word' id='word_1_205' title='bbox 197 1846 374 1905; x_wconf 85' lang='lat' dir='ltr'><strong>quidem</strong></span> <span class='ocrx_word' id='word_1_206' title='bbox 409 1846 634 1900; x_wconf 83' lang='lat' dir='ltr'><strong>habebant,</strong></span> <span class='ocrx_word' id='word_1_207' title='bbox 670 1846 745 1891; x_wconf 89' lang='lat' dir='ltr'><strong>sed</strong></span> <span class='ocrx_word' id='word_1_208' title='bbox 780 1862 853 1904; x_wconf 92' lang='lat' dir='ltr'><strong>per</strong></span> <span class='ocrx_word' id='word_1_209' title='bbox 886 1860 1072 1889; x_wconf 88' lang='lat' dir='ltr'><strong>mortem</strong></span> <span class='ocrx_word' id='word_1_210' title='bbox 1107 1847 1191 1889; x_wconf 83' lang='lat' dir='ltr'><strong>iam</strong></span> <span class='ocrx_word' id='word_1_211' title='bbox 1240 1845 1508 1888; x_wconf 86' lang='lat' dir='ltr'><strong>amiserunt?</strong></span> 
     </span>
     <span class='ocr_line' id='line_1_26' title="bbox 74 1915 1507 1976; baseline -0.003 -14"><span class='ocrx_word' id='word_1_212' title='bbox 74 1943 133 1950; x_wconf 92' lang='lat'>—</span> <span class='ocrx_word' id='word_1_213' title='bbox 169 1917 444 1976; x_wconf 89' lang='lat' dir='ltr'><strong>Respondeo:</strong></span> <span class='ocrx_word' id='word_1_214' title='bbox 470 1931 691 1976; x_wconf 88' lang='lat' dir='ltr'><strong>nequeunt</strong></span> <span class='ocrx_word' id='word_1_215' title='bbox 715 1918 910 1975; x_wconf 90' lang='lat' dir='ltr'><strong>profecto</strong></span> <span class='ocrx_word' id='word_1_216' title='bbox 934 1917 977 1960; x_wconf 90' lang='lat' dir='ltr'><strong>id</strong></span> <span class='ocrx_word' id='word_1_217' title='bbox 1009 1916 1160 1961; x_wconf 82' lang='lat' dir='ltr'><strong>facere.</strong></span> <span class='ocrx_word' id='word_1_218' title='bbox 1189 1915 1275 1961; x_wconf 89' lang='lat' dir='ltr'><strong>Sed</strong></span> <span class='ocrx_word' id='word_1_219' title='bbox 1309 1917 1507 1974; x_wconf 84' lang='lat' dir='ltr'><strong>quamvis</strong></span> 
     </span>
     <span class='ocr_line' id='line_1_27' title="bbox 71 1986 1505 2047; baseline -0.001 -15"><span class='ocrx_word' id='word_1_220' title='bbox 71 1988 131 2032; x_wconf 86' lang='lat' dir='ltr'><strong>de</strong></span> <span class='ocrx_word' id='word_1_221' title='bbox 164 1989 216 2032; x_wconf 86' lang='lat' dir='ltr'><strong>iis</strong></span> <span class='ocrx_word' id='word_1_222' title='bbox 249 1988 374 2032; x_wconf 85' lang='lat' dir='ltr'><strong>rebus</strong></span> <span class='ocrx_word' id='word_1_223' title='bbox 400 2002 497 2047; x_wconf 90' lang='lat' dir='ltr'><strong>post</strong></span> <span class='ocrx_word' id='word_1_224' title='bbox 530 2002 718 2034; x_wconf 88' lang='lat' dir='ltr'><strong>mortem</strong></span> <span class='ocrx_word' id='word_1_225' title='bbox 744 2004 831 2031; x_wconf 88' lang='lat' dir='ltr'><strong>non</strong></span> <span class='ocrx_word' id='word_1_226' title='bbox 866 1989 1097 2045; x_wconf 81' lang='lat' dir='ltr'><strong>disponant</strong></span> <span class='ocrx_word' id='word_1_227' title='bbox 1131 2003 1207 2031; x_wconf 92' lang='lat' dir='ltr'><strong>nec</strong></span> <span class='ocrx_word' id='word_1_228' title='bbox 1231 1989 1401 2046; x_wconf 81' lang='lat' dir='ltr'><strong>possint</strong></span> <span class='ocrx_word' id='word_1_229' title='bbox 1423 1986 1505 2032; x_wconf 81' lang='lat' dir='ltr'><strong>dis-</strong></span> 
     </span>
     <span class='ocr_line' id='line_1_28' title="bbox 74 2058 1509 2119; baseline -0.001 -17"><span class='ocrx_word' id='word_1_230' title='bbox 74 2075 258 2117; x_wconf 87' lang='lat' dir='ltr'><strong>ponere,</strong></span> <span class='ocrx_word' id='word_1_231' title='bbox 292 2072 436 2104; x_wconf 90' lang='lat' dir='ltr'><strong>tamen</strong></span> <span class='ocrx_word' id='word_1_232' title='bbox 471 2072 707 2119; x_wconf 89' lang='lat' dir='ltr'><strong>potuerunt</strong></span> <span class='ocrx_word' id='word_1_233' title='bbox 729 2059 780 2103; x_wconf 89' lang='lat' dir='ltr'><strong>de</strong></span> <span class='ocrx_word' id='word_1_234' title='bbox 804 2061 852 2103; x_wconf 89' lang='lat' dir='ltr'><strong>iis</strong></span> <span class='ocrx_word' id='word_1_235' title='bbox 878 2059 1106 2117; x_wconf 86' lang='lat' dir='ltr'><strong>disponere</strong></span> <span class='ocrx_word' id='word_1_236' title='bbox 1128 2072 1169 2102; x_wconf 89' lang='lat' dir='ltr'><strong>et</strong></span> <span class='ocrx_word' id='word_1_237' title='bbox 1203 2058 1509 2116; x_wconf 86' lang='lat' dir='ltr'><strong>disposuerunt</strong></span> 
     </span>
     <span class='ocr_line' id='line_1_29' title="bbox 74 2129 1510 2190; baseline -0.001 -17"><span class='ocrx_word' id='word_1_238' title='bbox 74 2131 122 2174; x_wconf 81' lang='lat' dir='ltr'><strong>in</strong></span> <span class='ocrx_word' id='word_1_239' title='bbox 146 2132 232 2174; x_wconf 87' lang='lat' dir='ltr'><strong>vita</strong></span> <span class='ocrx_word' id='word_1_240' title='bbox 253 2133 332 2189; x_wconf 89' lang='lat'><strong>(2),</strong></span> <span class='ocrx_word' id='word_1_241' title='bbox 357 2131 530 2190; x_wconf 85' lang='lat' dir='ltr'><strong>quando</strong></span> <span class='ocrx_word' id='word_1_242' title='bbox 554 2130 693 2175; x_wconf 85' lang='lat' dir='ltr'><strong>adhuc</strong></span> <span class='ocrx_word' id='word_1_243' title='bbox 717 2144 834 2174; x_wconf 82' lang='lat' dir='ltr'><strong>erant</strong></span> <span class='ocrx_word' id='word_1_244' title='bbox 857 2146 1000 2173; x_wconf 88' lang='lat' dir='ltr'><strong>rerum</strong></span> <span class='ocrx_word' id='word_1_245' title='bbox 1027 2130 1196 2173; x_wconf 89' lang='lat' dir='ltr'><strong>illarum</strong></span> <span class='ocrx_word' id='word_1_246' title='bbox 1221 2129 1402 2174; x_wconf 85' lang='lat' dir='ltr'><strong>domini.</strong></span> <span class='ocrx_word' id='word_1_247' title='bbox 1421 2130 1510 2173; x_wconf 84' lang='lat' dir='ltr'>Sci-</span> 
     </span>
    </p>
   </div>
   <div class='ocr_carea' id='block_1_5' title="bbox 74 2267 312 2273">
    <p class='ocr_par' dir='ltr' id='par_1_6' title="bbox 74 2267 312 2273">
     <span class='ocr_line' id='line_1_30' title="bbox 74 2267 312 2273; baseline 0 0"><span class='ocrx_word' id='word_1_248' title='bbox 74 2267 312 2273; x_wconf 95' lang='lat' dir='ltr'><strong> </strong></span> 
     </span>
    </p>
   </div>
   <div class='ocr_carea' id='block_1_6' title="bbox 69 2332 1512 2619">
    <p class='ocr_par' dir='ltr' id='par_1_7' title="bbox 69 2332 1512 2499">
     <span class='ocr_line' id='line_1_31' title="bbox 173 2332 1512 2380; baseline -0.004 -9"><span class='ocrx_word' id='word_1_249' title='bbox 173 2333 227 2380; x_wconf 86' lang='lat'><strong>(1)</strong></span> <span class='ocrx_word' id='word_1_250' title='bbox 254 2335 332 2371; x_wconf 79' lang='lat' dir='ltr'><strong>Hoc</strong></span> <span class='ocrx_word' id='word_1_251' title='bbox 357 2333 415 2370; x_wconf 73' lang='lat' dir='ltr'><strong>lex</strong></span> <span class='ocrx_word' id='word_1_252' title='bbox 440 2335 521 2370; x_wconf 86' lang='lat' dir='ltr'><strong>XII.</strong></span> <span class='ocrx_word' id='word_1_253' title='bbox 548 2333 750 2370; x_wconf 83' lang='lat' dir='ltr'><strong>tabularum</strong></span> <span class='ocrx_word' id='word_1_254' title='bbox 771 2335 868 2370; x_wconf 79' lang='lat' dir='ltr'><strong>hisce</strong></span> <span class='ocrx_word' id='word_1_255' title='bbox 895 2334 1066 2370; x_wconf 83' lang='lat' dir='ltr'><strong>efferebat</strong></span> <span class='ocrx_word' id='word_1_256' title='bbox 1084 2334 1215 2368; x_wconf 86' lang='lat' dir='ltr'><strong>verbis:</strong></span> <span class='ocrx_word' id='word_1_257' title='bbox 1247 2346 1265 2365; x_wconf 70' lang='grc' dir='ltr'><strong>ι’.</strong></span> <span class='ocrx_word' id='word_1_258' title='bbox 1286 2333 1398 2368; x_wconf 88' lang='lat' dir='ltr'><strong>Prout</strong></span> <span class='ocrx_word' id='word_1_259' title='bbox 1419 2332 1512 2380; x_wconf 86' lang='lat' dir='ltr'><strong>quis·</strong></span> 
     </span>
     <span class='ocr_line' id='line_1_32' title="bbox 70 2392 1512 2441; baseline -0.001 -13"><span class='ocrx_word' id='word_1_260' title='bbox 70 2405 148 2441; x_wconf 81' lang='lat' dir='ltr'><strong>que</strong></span> <span class='ocrx_word' id='word_1_261' title='bbox 174 2394 222 2428; x_wconf 89' lang='lat' dir='ltr'><strong>rei</strong></span> <span class='ocrx_word' id='word_1_262' title='bbox 250 2404 335 2429; x_wconf 77' lang='lat' dir='ltr'><strong>suae</strong></span> <span class='ocrx_word' id='word_1_263' title='bbox 363 2392 511 2440; x_wconf 69' lang='lat' dir='ltr'><strong>legassit</strong></span> <span class='ocrx_word' id='word_1_264' title='bbox 535 2394 673 2440; x_wconf 84' lang='lat' dir='ltr'><strong>(legem</strong></span> <span class='ocrx_word' id='word_1_265' title='bbox 700 2393 847 2438; x_wconf 77' lang='lat' dir='ltr'><strong>dixerit)</strong></span> <span class='ocrx_word' id='word_1_266' title='bbox 875 2394 922 2428; x_wconf 86' lang='lat' dir='ltr'><strong>ita</strong></span> <span class='ocrx_word' id='word_1_267' title='bbox 960 2393 1014 2429; x_wconf 87' lang='lat' dir='ltr'><strong>ius</strong></span> <span class='ocrx_word' id='word_1_268' title='bbox 1052 2401 1147 2428; x_wconf 86' lang='lat' dir='ltr'><strong>esto.</strong></span> <span class='ocrx_word' id='word_1_269' title='bbox 1167 2407 1184 2424; x_wconf 88' lang='lat'>»</span> <span class='ocrx_word' id='word_1_270' title='bbox 1211 2412 1259 2418; x_wconf 95' lang='lat'><strong>—</strong></span> <span class='ocrx_word' id='word_1_271' title='bbox 1286 2392 1358 2434; x_wconf 85' lang='lat' dir='ltr'><strong>Qui</strong></span> <span class='ocrx_word' id='word_1_272' title='bbox 1391 2392 1436 2426; x_wconf 88' lang='lat' dir='ltr'><strong>de</strong></span> <span class='ocrx_word' id='word_1_273' title='bbox 1474 2400 1512 2425; x_wconf 89' lang='lat' dir='ltr'><strong>re</strong></span> 
     </span>
     <span class='ocr_line' id='line_1_33' title="bbox 69 2452 805 2499; baseline -0.001 -11"><span class='ocrx_word' id='word_1_274' title='bbox 69 2463 144 2491; x_wconf 67' lang='lat' dir='ltr'><strong>sua,</strong></span> <span class='ocrx_word' id='word_1_275' title='bbox 168 2453 343 2499; x_wconf 80' lang='lat' dir='ltr'><strong>disponit,</strong></span> <span class='ocrx_word' id='word_1_276' title='bbox 371 2452 491 2499; x_wconf 78' lang='lat' dir='ltr'><strong>legem</strong></span> <span class='ocrx_word' id='word_1_277' title='bbox 518 2453 605 2487; x_wconf 81' lang='lat' dir='ltr'><strong>dicit</strong></span> <span class='ocrx_word' id='word_1_278' title='bbox 631 2453 679 2487; x_wconf 86' lang='lat' dir='ltr'><strong>rei</strong></span> <span class='ocrx_word' id='word_1_279' title='bbox 708 2463 805 2487; x_wconf 78' lang='lat' dir='ltr'><strong>suae.</strong></span> 
     </span>
    </p>

    <p class='ocr_par' dir='ltr' id='par_1_8' title="bbox 73 2510 1510 2619">
     <span class='ocr_line' id='line_1_34' title="bbox 173 2510 1510 2558; baseline -0.004 -8"><span class='ocrx_word' id='word_1_280' title='bbox 173 2512 227 2557; x_wconf 80' lang='lat'><strong>(2)</strong></span> <span class='ocrx_word' id='word_1_281' title='bbox 253 2512 532 2548; x_wconf 69' lang='lat' dir='ltr'><strong>Testamentum</strong></span> <span class='ocrx_word' id='word_1_282' title='bbox 560 2520 613 2547; x_wconf 90' lang='lat' dir='ltr'><strong>est</strong></span> <span class='ocrx_word' id='word_1_283' title='bbox 643 2511 832 2558; x_wconf 84' lang='lat' dir='ltr'><strong>dispositio</strong></span> <span class='ocrx_word' id='word_1_284' title='bbox 871 2512 919 2545; x_wconf 82' lang='lat' dir='ltr'><strong>rei</strong></span> <span class='ocrx_word' id='word_1_285' title='bbox 961 2512 1130 2557; x_wconf 81' lang='lat' dir='ltr'><strong>propriae</strong></span> <span class='ocrx_word' id='word_1_286' title='bbox 1155 2510 1249 2546; x_wconf 82' lang='lat' dir='ltr'><strong>facta</strong></span> <span class='ocrx_word' id='word_1_287' title='bbox 1277 2510 1314 2545; x_wconf 83' lang='lat' dir='ltr'><strong>in</strong></span> <span class='ocrx_word' id='word_1_288' title='bbox 1353 2511 1434 2546; x_wconf 79' lang='lat' dir='ltr'><strong>vita.</strong></span> <span class='ocrx_word' id='word_1_289' title='bbox 1465 2529 1510 2536; x_wconf 89' lang='lat'><strong>——</strong></span> 
     </span>
     <span class='ocr_line' id='line_1_35' title="bbox 73 2570 1504 2619; baseline -0.003 -11"><span class='ocrx_word' id='word_1_290' title='bbox 73 2572 159 2608; x_wconf 66' lang='lat' dir='ltr'><strong>Hoc</strong></span> <span class='ocrx_word' id='word_1_291' title='bbox 185 2581 302 2619; x_wconf 80' lang='lat' dir='ltr'><strong>potest</strong></span> <span class='ocrx_word' id='word_1_292' title='bbox 328 2572 445 2607; x_wconf 84' lang='lat' dir='ltr'><strong>adhuc</strong></span> <span class='ocrx_word' id='word_1_293' title='bbox 471 2571 588 2619; x_wconf 82' lang='lat' dir='ltr'><strong>magis</strong></span> <span class='ocrx_word' id='word_1_294' title='bbox 613 2570 785 2607; x_wconf 85' lang='lat' dir='ltr'><strong>declarari</strong></span> <span class='ocrx_word' id='word_1_295' title='bbox 813 2571 977 2618; x_wconf 81' lang='lat' dir='ltr'><strong>sequenti</strong></span> <span class='ocrx_word' id='word_1_296' title='bbox 995 2570 1199 2606; x_wconf 81' lang='lat' dir='ltr'><strong>ratiocinio.</strong></span> <span class='ocrx_word' id='word_1_297' title='bbox 1225 2570 1504 2606; x_wconf 86' lang='lat' dir='ltr'><strong>Testamentum</strong></span> 
     </span>
    </p>
   </div>
  </div>
 </body>
</html>
