1737 2802
196 198 451 242 immobiliter
475 196 698 254 firmamus
730 195 785 239 ad
818 195 871 252 id,
903 195 1012 254 qnod
1044 196 1200 254 expedit
1233 197 1385 254 facere.
1420 197 1472 241 Et
1514 196 1615 242 ideo

194 270 424 326 expediens
459 282 521 311 est
554 284 721 312 vovere.
749 286 770 307 »

313 340 519 393 Obiicies,
553 340 671 383 nullo
706 353 827 397 pacto
863 339 1092 397 expediens
1126 356 1219 384 esse
1258 339 1456 397 periculis
1489 356 1535 384 se
1568 357 1614 385 se

193 414 358 458 offerre.
393 413 525 470 Atqui
560 426 717 455 vovere
751 424 813 454 est
845 411 958 454 idem
993 428 1040 455 ac
1087 411 1288 470 peccandi
1336 411 1534 470 periculis
1569 428 1617 457 se

193 486 390 530 obiicere:
425 483 637 541 siquidem
673 483 788 541 quod
823 497 917 526 ante
951 497 1100 526 votum
1135 485 1226 527 sine
1275 483 1396 542 culpa
1443 496 1611 542 poterat

193 558 350 614 omitti,
384 557 530 614 nequit
565 569 662 614 post
694 568 843 598 votum
881 556 1039 613 absque
1074 555 1193 614 culpa
1228 558 1458 614 praeteriri.
1494 558 1611 616 Ergo

193 628 421 687 expediens
455 644 540 671 non
576 641 638 671 est
670 644 714 670 se
748 627 844 670 Deo
877 628 988 670 votis
1023 627 1302 684 obstringere.
1338 653 1395 662 -
1419 629 1615 686 Respon-

192 701 272 744 deo
307 717 404 743 cum
445 701 597 744 eodem
648 700 840 756 angelico
889 698 1066 743 doctore
1099 700 1178 757 (Ι),
1235 698 1389 758 «quod
1438 700 1611 759 quando

190 771 429 830 periculum
463 772 650 814 nascitur
684 787 733 814 ex
766 772 860 829 ipso
895 770 1022 826 facto,
1057 784 1157 815 tunc
1193 771 1351 814 factum
1385 771 1490 815 illud
1523 786 1611 814 non

190 856 253 888 est
286 843 533 901 expediens,
570 855 668 901 puta
703 843 820 901 quod
855 844 1006 901 aliquis
1040 860 1115 901 per
1165 857 1342 901 pontem
1387 845 1613 887 ruinosum

190 928 376 959 transeat
397 915 592 959 fluvium.
618 914 700 958 Sed
726 916 759 957 si
785 915 1024 972 periculum
1049 916 1273 960 immineat
1296 931 1348 960 ex
1371 915 1472 969 hoc,
1495 916 1616 975 quod

189 990 326 1032 homo
361 987 502 1031 deficit
536 986 584 1030 ab
619 986 689 1030 illo
724 987 849 1041 facto,
884 1004 969 1031 non
1005 988 1163 1033 desinit
1197 1002 1372 1048 propter
1405 990 1488 1034 hoc
1521 1005 1615 1035 esse

190 1061 433 1119 expediens:
467 1062 576 1104 sicut
611 1060 841 1118 expediens
866 1074 928 1104 est
962 1061 1189 1105 ascendere
1213 1077 1391 1121 equum,
1413 1065 1612 1121 quamvis

192 1133 430 1192 periculum
465 1133 689 1176 immineat
717 1132 891 1176 cadendi
915 1132 966 1176 de
1000 1149 1126 1191 equo.
1151 1132 1359 1191 Alioquin
1392 1148 1615 1192 oporteret

191 1204 239 1248 ab
273 1204 475 1248 omnibus
510 1203 632 1248 bonis
667 1220 845 1261 cessare,
881 1220 987 1262 quae
1019 1206 1147 1248 etiam
1197 1221 1270 1263 per
1318 1205 1513 1250 accidens
1562 1223 1613 1251 ex

189 1276 333 1335 aliquo
367 1290 520 1320 eventu
556 1290 738 1335 possunt
772 1293 863 1320 esse
897 1276 1152 1334 periculosa.
1176 1276 1303 1321 Unde
1337 1277 1492 1321 dicitur
1523 1279 1613 1339 (2):

195 1349 282 1405 Qui
313 1349 498 1393 observat
531 1358 713 1402 vennam,
749 1365 828 1392 non
861 1350 1045 1403 seminat,
1069 1351 1196 1408 etqui
1227 1349 1455 1395 considerat
1477 1349 1616 1409 nubes,

189 1436 418 1480 numquam
452 1431 579 1466 metet.
614 1422 858 1465 Periculum
894 1434 1037 1464 autem
1069 1423 1244 1465 voventi
1277 1437 1365 1466 non
1414 1423 1614 1467 imminet

190 1509 240 1538 ex
273 1495 368 1552 ipso
396 1506 515 1551 voto,
538 1493 611 1537 sed
635 1509 685 1537 ex
708 1493 830 1551 culpa
853 1494 1061 1548 hominis,
1087 1494 1158 1551 qui
1183 1493 1450 1538 voluntatem
1474 1506 1613 1538 mutat

189 1565 507 1623 transgrediens
540 1578 708 1609 votum.
741 1565 868 1609 Unde
904 1566 1170 1622 Augustinus
1203 1565 1262 1624 (3)
1298 1565 1412 1610 dicit:
1446 1567 1549 1611 Non
1571 1579 1614 1611 te

185 1640 358 1682 vovisse
390 1640 621 1697 poeniteat,
651 1637 726 1681 sed
760 1639 896 1695 magis
929 1637 1083 1695 gaude,
1116 1638 1201 1681 iam
1234 1637 1309 1682 tibi
1341 1639 1402 1682 sic
1434 1654 1522 1683 non
1556 1638 1607 1682 li-

190 1723 299 1767 cere,
332 1710 450 1769 quod
483 1726 583 1754 cum
616 1723 693 1754 tuo
727 1709 987 1753 detrimento
1030 1709 1272 1754 licuisset.»
1325 1711 1473 1769 Itaque
1521 1710 1612 1755 sola

191 1781 394 1840 obligatio
430 1795 543 1826 recte
577 1781 783 1841 operandi
817 1798 903 1825 non
937 1783 1162 1826 constituit
1195 1784 1421 1828 hominem
1454 1784 1497 1827 in
1532 1800 1614 1843 pe-

190 1854 340 1899 riculo:
374 1871 496 1899 secus
530 1854 696 1898 nullum
732 1868 1009 1913 praeceptum
1043 1856 1281 1913 positivum
1314 1855 1488 1900 deberet
1527 1856 1613 1900 ho-

190 1927 376 1972 minibus
410 1929 591 1987 imponi.
624 1928 672 1971 In
704 1927 906 1971 vovendo
929 1940 1072 1971 tamen
1095 1927 1214 1986 leges
1237 1927 1489 1986 prudentiae
1511 1940 1614 1972 sunt

191 2001 373 2044 omnino
406 1998 650 2044 servandae:
683 1998 799 2042 hisce
832 2011 975 2042 autem
1009 2000 1202 2052 servatis,
1227 1998 1380 2043 fiducia
1412 1994 1612 2058 ponenda

190 2083 254 2115 est
288 2071 328 2113 in
363 2072 474 2125 Deo,
508 2071 580 2130 qui
613 2072 724 2114 sicut
755 2086 834 2114 nos
868 2070 1065 2114 hortatur
1087 2084 1134 2114 ut
1167 2085 1418 2125 voveamus,
1441 2071 1498 2121 ita
1530 2085 1615 2116 nos

190 2142 361 2187 adiuvat
394 2155 440 2186 ut
473 2142 703 2187 reddamus
736 2159 811 2187 seu
845 2156 996 2187 votum
1032 2141 1304 2201 impleamus.

282 2327 335 2374 (i)
360 2329 399 2364 L.
426 2338 540 2374 nuper
564 2328 624 2364 cit.
655 2328 699 2363 ad
728 2334 781 2364 2¹¹².
808 2326 863 2364 Cf.
890 2329 1034 2372 Suarez,
1062 2328 1106 2363 de
1132 2335 1221 2363 voro
1249 2328 1273 2364 1.
1303 2328 1330 2363 1.
1352 2339 1390 2366 ⁴c.
1422 2329 1476 2367 18.

285 2388 343 2433 (2)
370 2387 617 2431 Ecclesiastes,
640 2389 705 2425 XI.
730 2399 763 2432 4.
789 2388 846 2423 Ad
875 2400 952 2424 rem
979 2388 1064 2424 facit
1088 2388 1178 2423 illud
1204 2400 1232 2424 s.
1258 2389 1456 2433 Ambrosii,
1482 2389 1545 2425 lib.
1565 2389 1615 2425 de

188 2446 274 2483 vid.·
290 2457 404 2493 prope
429 2446 554 2482 finem:
584 2460 602 2479 «
622 2449 718 2495 Ergo
745 2459 856 2483 nemo
884 2448 1026 2490 militet,
1053 2459 1099 2482 ne
1125 2447 1320 2496 aliquando
1346 2448 1524 2485 vincatur:
1544 2458 1614 2483 nec

188 2506 290 2553 pedis
315 2515 434 2542 utatur
459 2507 647 2554 obsequio,
667 2507 725 2554 qui
743 2508 929 2555 gradiendi
957 2507 1155 2554 periculum
1175 2507 1402 2544 reformidat:
1420 2518 1488 2544 nec
1510 2508 1612 2545 oculi

190 2567 352 2603 intendat
379 2567 517 2611 officio,
546 2569 605 2615 qui
632 2569 947 2615 concupiscentiae
973 2568 1077 2604 timet
1102 2568 1256 2615 lapsum.
1274 2580 1299 2604 »
1323 2585 1326 2588 ⁴

282 2628 337 2674 (3)
363 2628 403 2662 In
428 2639 484 2675 ep.
509 2627 569 2663 cit.
596 2640 696 2663 num.
723 2629 756 2664 8.
