1737 2802
790 128 1056 172 -292-

737 354 905 397 Tfflzffis
940 324 1111 398 XXVI.

207 485 239 528 Ι.
278 483 522 541 Quaerenti,
544 485 715 543 quinam
737 486 786 528 sit
808 485 963 539 modus,
996 501 1072 543 quo
1105 486 1333 530 dominium
1361 487 1580 545 privatum
1612 501 1640 529 a
1690 538 1692 540 ,

327 565 485 599 natura
517 557 722 609 dimanat,
758 557 1057 615 respondemus,
1080 558 1239 601 actuale
1271 559 1334 601 <ius
1363 558 1526 616 privati
1554 558 1639 602 alt-

325 628 440 671 cuius
473 629 514 670 in
548 627 622 670 hac
653 627 717 670 vel
764 628 836 670 illa
864 627 1067 685 peculiari
1098 644 1140 671 re
1182 643 1263 672 non
1311 644 1388 672 esse
1421 644 1448 672 a
1479 638 1639 674 natura

325 699 405 741 nisi
437 698 618 755 mediate,
651 700 678 742 i.
711 715 741 742 e.
777 700 919 742 mediis
968 700 1158 741 humanis-
1197 699 1339 758 factis,
1385 715 1457 745 seu
1503 716 1639 745 conse-

326 778 489 827 quenter
522 769 578 812 ad
607 770 813 812 humanae
846 771 1072 813 activitatis
1104 771 1353 815 exercitium.
1386 772 1437 815 II.
1462 771 1638 816 Factum

321 841 628 898 primigenium,
662 856 740 898 qno
771 855 849 892 res,
884 856 985 899 qnae
1025 851 1121 884 actu
1163 842 1320 886 nullius
1367 852 1471 896 erat,
1502 844 1640 901 primo

316 913 372 972 fit
403 913 592 969 alicuius,
625 921 680 956 est
703 913 920 970 occupatio,
944 913 1008 956 cni
1030 913 1178 956 accedit
1202 913 1318 957 labor
1338 929 1406 957 seu
1429 914 1636 959 industria

324 985 429 1028 cirea
462 1000 548 1027 rem
579 993 814 1042 occupatam
848 984 1042 1028 adhibita:
1058 985 1180 1042 facta
1213 995 1355 1029 autem
1375 987 1638 1040 secundaria,

324 1056 470 1114 quibus
501 1072 564 1100 res
596 1071 622 1098 a
654 1056 830 1099 dominio
866 1057 994 1099 unius
1027 1057 1176 1100 transit
1209 1058 1251 1100 in
1296 1057 1526 1101 dominium
1568 1059 1638 1102 al-

329 1129 466 1181 terius,
499 1136 594 1170 sunt
627 1127 884 1185 multiplicia,
916 1130 1131 1185 praecipue
1165 1144 1261 1171 vcro
1294 1137 1536 1174 contractus.

326 1242 395 1297 83.
431 1242 817 1286 DEMONSTRATto.
851 1241 1060 1284 Dominia
1097 1242 1275 1300 privata,
1311 1255 1359 1286 ut
1410 1243 1454 1286 in
1502 1259 1641 1302 supe-

205 1312 320 1356 riore
353 1312 465 1355 thesi
498 1312 786 1369 ostendimus,
819 1325 919 1355 sunt
953 1329 975 1355 a
1007 1326 1174 1357 natura.
1207 1315 1264 1357 At
1295 1330 1476 1372 quonam
1518 1315 1642 1359 modo·¹

204 1383 253 1427 ab
286 1400 334 1427 ea
367 1383 637 1441 procedunt?
670 1384 830 1427 Merito
857 1384 940 1427 hoc
964 1386 1196 1442 quaeritur.
1218 1386 1376 1444 Neque
1400 1388 1516 1430 enim
1541 1387 1640 1430 iura

205 1456 352 1499 omnia
385 1471 472 1498 uno
507 1471 685 1513 prorsus
720 1455 963 1513 eodemque
997 1456 1131 1499 modo
1165 1472 1187 1499 a
1221 1470 1369 1500 natura
1398 1457 1640 1512 dimanant,

202 1528 278 1572 sed
310 1553 368 1561 —-
400 1527 467 1571 vel
500 1528 727 1572 immediate
761 1528 827 1571 vel
860 1528 1035 1571 mediate
1067 1553 1126 1562 —
1161 1528 1226 1572 vel
1259 1529 1539 1573 antecedenter·
1567 1530 1634 1573 vel

200 1609 480 1658 consequenter
517 1599 569 1643 ad
617 1600 839 1643 activitatis
888 1600 1102 1642 humanae
1151 1601 1409 1643 exercitium
1458 1616 1537 1644 seu
1583 1601 1636 1645 ad

203 1669 309 1714 facta
331 1671 518 1714 humana
539 1670 624 1729 (1).
648 1696 706 1706 —
729 1672 791 1714 Ex
814 1671 879 1714 his
903 1684 1017 1729 patet
1041 1684 1351 1728 argumentum
1376 1687 1451 1715 seu
1475 1688 1636 1731 scopus

203 1741 332 1785 huius
365 1742 554 1799 theseos,
587 1758 694 1800 quae
728 1741 892 1786 duabus
927 1754 1094 1785 constat
1126 1741 1333 1800 partibus,

324 1814 440 1857 PARS
476 1815 629 1858 PRIOR.
663 1815 694 1858 Ι.
730 1814 939 1857 Dominia
973 1815 1136 1871 privata
1169 1829 1263 1857 esse
1297 1831 1318 1857 a
1351 1827 1521 1872 natura,
1550 1814 1636 1858 du-

202 1885 300 1944 plici
334 1897 459 1943 pacto
509 1886 676 1943 concipi
720 1897 876 1942 potest.
913 1912 966 1917 —-
1004 1886 1158 1940 Primo,
1193 1897 1405 1943 quatenus
1452 1887 1638 1944 ipsamet

201 2104 377 2150 iustitiae)
404 2114 634 2151 praeceptum
662 2105 859 2150 prohibens
886 2105 981 2140 hanc
1023 2116 1142 2140 rerum
1182 2104 1416 2147 divisionem,
1445 2105 1528 2151 quia
1568 2115 1640 2140 nec

194 2165 384 2212 positivum
409 2165 601 2206 invenitur,
628 2176 694 2199 nec
722 2165 883 2200 naturale
910 2164 1099 2211 colligitur
1127 2175 1169 2198 ex
1197 2164 1386 2209 principiis
1416 2173 1536 2199 rectae
1572 2175 1637 2198 ra-

199 2226 322 2261 tionis,
349 2225 445 2268 Quia
473 2225 551 2259 talis
570 2224 701 2260 divisio
732 2225 775 2259 de
793 2236 830 2260 se
857 2236 923 2259 nec
949 2233 1076 2259 contra
1094 2224 1269 2259 iustitiam
1298 2231 1392 2259 esset
1413 2234 1481 2258 nec
1509 2231 1639 2258 contra

200 2285 311 2320 aliam
338 2285 521 2327 virtutem,
539 2294 574 2319 et
592 2293 715 2330 posset
743 2295 820 2319 esse
848 2284 958 2325 utilis,
988 2293 1024 2319 ut
1054 2285 1146 2319 bene
1173 2283 1370 2329 explicavit
1395 2283 1510 2319 Leon.
1538 2283 1633 2318 Les-

199 2343 274 2378 sius
300 2343 322 2378 l.
350 2352 381 2378 2.
409 2343 453 2377 de
480 2344 560 2379 iust.
588 2355 618 2379 c,
645 2353 679 2380 2.
720 2344 803 2378 dub.
833 2354 864 2379 2.
882 2355 904 2377 >>
942 2345 986 2378 Et
1025 2344 1076 2378 sic
1105 2343 1236 2390 pergit,
1274 2355 1352 2379 rem
1391 2339 1635 2381 ostendendo,

196 2404 318 2451 primo
345 2404 491 2450 quidem
511 2405 555 2439 de
573 2405 678 2439 rebus
704 2404 912 2446 mobilibus,
941 2413 1018 2438 tum
1047 2416 1134 2440 vero
1163 2405 1275 2439 etiam
1303 2403 1346 2438 de
1365 2401 1631 2439 immobilibus.

195 2484 243 2491 —
268 2465 322 2499 Ac
349 2474 436 2498 sane
455 2463 641 2506 debemus,
660 2472 699 2498 ut
717 2464 790 2498 iam
818 2464 984 2507 diximus,
1005 2472 1169 2510 spectare
1196 2464 1310 2499 etiarn
1329 2463 1426 2506 bona,
1455 2472 1546 2508 quae
1565 2472 1634 2507 per·

196 2523 443 2559 exclusionem
470 2522 622 2557 dominii
648 2523 777 2569 privati
804 2522 992 2558 tolluntur.

291 2582 346 2627 (1)
375 2582 595 2617 Recolantur
621 2593 672 2625 ea,
701 2594 791 2629 quae
819 2582 976 2618 diximus
1002 2594 1108 2629 supra
1135 2582 1228 2619 thes.
1254 2581 1303 2619 11.
1332 2592 1412 2629 pag.
1442 2590 1494 2626 35.
