1737 2802
820 132 1057 174 —18—

223 242 284 273 est
320 229 384 270 ius
418 226 469 269 ad
502 224 660 284 aliquid
694 224 909 282 agendum
958 224 1022 268 vel
1071 222 1345 267 retinendum
1378 246 1436 254 —-
1459 221 1534 265 ·vel
1568 236 1649 280 po-

224 300 378 342 tentiae
405 298 611 355 passivae,
648 309 694 339 ut
728 298 770 339 in
806 297 896 340 iure
930 294 1048 354 quod
1081 293 1209 338 habes
1244 305 1292 336 ut
1323 291 1459 346 alaris,
1493 303 1540 336 ut
1578 308 1650 335 cu-

221 370 437 424 stodiaris,
473 382 518 412 ut
550 368 624 412 tibi
658 369 866 412 serviatur
898 393 955 401 —
986 366 1052 410 vel
1088 365 1305 423 potentiae
1338 363 1566 418 resistendi,
1601 376 1648 408 ut

223 444 267 486 in
300 443 390 485 iure
422 440 541 500 quod
574 440 716 494 habes,
735 455 786 483 ne
821 440 917 498 quis
953 437 1143 482 aedificet
1176 436 1246 480 tali
1275 435 1388 493 loco,
1413 451 1466 479 ne
1490 435 1650 493 aperiat

222 513 453 557 fenestram
487 514 528 555 in
562 524 685 554 tuum
736 511 912 554 hortum
946 508 1012 553 vel
1057 524 1213 565 aream,
1241 523 1294 551 ne
1327 508 1451 552 altius
1485 506 1651 551 attollat

223 599 414 640 murum,
448 599 500 625 ne
534 581 689 625 officiat
721 582 806 624 tuis
840 579 1088 624 luminibus.
1122 579 1190 624 Ad
1223 595 1316 623 rem
1348 580 1549 625 Becanus
1574 578 1648 636 (1):

225 675 247 696 ‹<
272 657 387 699 Haec
418 663 593 713 potestas
626 653 734 697 nihil
767 665 829 697 est
865 653 993 711 aliud,
1027 668 1155 711 quam
1190 650 1396 699 habitudo
1441 650 1651 709 quaedam

224 742 431 786 personae
465 725 516 768 ad
549 742 655 779 rem,
690 725 731 768 in
767 741 897 783 quam
931 726 997 767 ius
1031 723 1185 767 habere
1219 723 1392 776 dicitur,
1425 734 1467 766 et
1501 746 1560 756 —
1582 722 1653 764 ali-

225 796 396 857 quando
432 796 555 840 habet
589 813 633 840 se
668 812 743 855 per
777 796 959 840 modum
993 796 1210 854 potentiae
1242 796 1418 852 activae,
1441 805 1488 838 ut
1510 794 1577 837 ius
1601 794 1652 837 ad

224 869 383 928 aliquid
418 868 633 926 agendum
668 867 734 911 vel
759 867 1084 926 percipiendum
1108 892 1165 900 —
1189 865 1421 924 aliquando
1445 880 1521 923 per
1552 880 1655 908 mo-

231 941 334 984 dum
363 942 572 999 passivae,
605 940 750 990 ut,ius
785 938 1087 984 creditor-isim
1119 937 1199 980 sibi
1233 935 1425 980 debitum
1448 935 1653 989 solvatur,

226 1026 267 1056 et
316 1014 382 1055 ius
418 1011 700 1055 dominorum
735 1023 782 1054 ut
804 1010 882 1053 sibi
906 1010 1118 1053 serviatur
1140 1025 1162 1053 a
1184 1007 1372 1065 famulis,
1395 1019 1435 1051 et
1457 1008 1524 1050 ius
1547 1007 1653 1051 sub-

228 1084 417 1128 ditorum
451 1095 498 1125 ut
533 1095 644 1125 recte
668 1081 965 1139 gubernentur
988 1096 1010 1123 a
1032 1080 1224 1138 principe
1247 1104 1305 1112 —
1328 1077 1556 1137 aliquando
1580 1094 1655 1136 per

226 1155 409 1198 modum
446 1155 663 1212 potentiae
696 1152 926 1209 resistendi,
959 1164 1005 1195 ut
1037 1153 1104 1195 ius
1138 1150 1258 1210 quod
1290 1151 1385 1209 quis
1433 1148 1558 1193 habet
1595 1165 1648 1193 ne

227 1225 419 1269 aedificet
452 1225 524 1268 tali
560 1225 658 1268 1060
692 1237 763 1267 aut
797 1240 848 1267 ne
882 1224 1112 1267 fenestram
1146 1223 1370 1282 aperiat».
1512 1280 1515 1282 q

344 1296 560 1351 Secundo,
596 1296 790 1354 legitima,
824 1297 848 1340 i.
885 1312 919 1339 e.
965 1311 986 1337 a
1027 1295 1121 1352 lege
1169 1309 1399 1338 concessa:
1451 1293 1550 1352 quia
1597 1291 1654 1335 fa-

227 1368 372 1426 cultas,
405 1384 511 1426 quae
545 1367 785 1411 secundum
819 1367 962 1425 legem
995 1382 1082 1410 non
1117 1367 1343 1425 competit,
1363 1382 1453 1410 non
1486 1365 1654 1419 est.ius‚

225 1439 299 1483 sed
332 1439 394 1482 vis
428 1452 469 1482 et
502 1440 667 1483 iniuria.
704 1439 791 1482 Lex
825 1452 967 1482 autem
993 1437 1100 1482 hanc
1124 1450 1382 1496 potestatem
1406 1436 1653 1482 concedens

223 1537 281 1543 ——
314 1510 377 1554 vel
411 1523 472 1554 est
505 1510 652 1554 divina
685 1511 908 1566 naturalis,
944 1524 988 1553 ut
1023 1509 1074 1553 ad
1099 1525 1228 1553 usum
1252 1508 1570 1562 membrorum,
1601 1507 1652 1552 ad

224 1583 356 1625 vitam
390 1597 466 1640 per
499 1580 643 1625 cibum
675 1594 716 1625 et
750 1594 905 1640 potum
938 1581 1278 1639 sustentandam,
1325 1581 1378 1625 ad
1427 1582 1654 1624 matrimo-

226 1654 347 1695 nium
382 1652 638 1711 ineundum,
674 1653 725 1696 ad
758 1654 847 1696 vim
878 1654 920 1696 vi
955 1653 1290 1712 propulsandam
1325 1665 1365 1697 et
1413 1652 1570 1697 similia
1607 1678 1656 1685 —-

226 1724 294 1767 vel
327 1737 390 1768 est
422 1725 620 1780 hzmnancz,
654 1737 700 1767 ut
736 1724 786 1768 ad
820 1726 1143 1768 successionem
1176 1724 1442 1782 hereditatis,
1464 1724 1516 1768 ad
1539 1739 1658 1782 prae-

228 1795 495 1839 scribendam
514 1796 580 1839 vel
614 1796 952 1855 usucapiendam
976 1810 1095 1841 certo
1118 1810 1315 1856 tempore
1337 1813 1430 1841 rem
1459 1795 1659 1849 alienam,

229 1865 281 1910 ad
314 1866 644 1924 acquirendum,
680 1867 1011 1925 possidendum,
1046 1867 1339 1926 retinendum,
1386 1865 1659 1911 alienandum

229 1953 304 1995 per
336 1938 449 1981 varia
498 1951 799 1983 contractuum
847 1955 1016 1997 genera.
1051 1940 1142 1983 Tot
1191 1941 1307 1983 enim
1355 1951 1456 1982 sunt
1504 1951 1661 1996 genera

230 2009 406 2066 iurium,
423 2023 529 2067 quot
551 2023 651 2054 sunt
668 2026 824 2068 genera
845 2011 1008 2069 legum,
1027 2026 1133 2069 quae
1152 2011 1217 2054 ius
1237 2009 1444 2054 tribuunt:
1464 2008 1661 2068 quamvis

229 2078 332 2122 haec
364 2079 587 2123 diversitas
622 2096 710 2124 non
742 2081 863 2125 faciat
897 2082 1189 2125 diversitatem
1234 2082 1278 2125 in
1330 2081 1426 2139 ipso
1476 2079 1662 2122 iustitiae

229 2149 389 2194 habitu.
424 2177 476 2182 —
513 2152 626 2195 Hinc
659 2154 853 2211 sequitur
888 2152 996 2196 hanc
1030 2164 1288 2211 potestatem
1321 2167 1411 2201 non
1431 2160 1527 2195 esse
1550 2147 1661 2208 quid

224 2222 449 2280 physicum,
483 2224 558 2266 sed
593 2225 743 2268 morale
776 2224 997 2269 dumtaxat
1020 2224 1102 2284 (2),
1128 2236 1379 2283 competens
1403 2223 1574 2268 homini
1607 2237 1661 2266 ex

328 2413 382 2457 (1)
409 2412 450 2448 L.
477 2414 535 2449 cit.
563 2425 698 2460 quaest.
726 2416 773 2452 11.
802 2427 902 2451 num.
931 2426 961 2450 2.
1669 2454 1671 2456 s

326 2472 382 2518 (2)
409 2473 503 2508 Hinc
529 2473 722 2520 Taparelli‚
748 2475 771 2510 1.
799 2487 895 2510 nunc
923 2475 994 2519 cit„
1024 2475 1073 2511 ita
1113 2477 1254 2523 pergit:
1291 2489 1309 2508 «
1327 2477 1386 2512 Ma
1411 2475 1518 2522 quale
1544 2474 1664 2522 specie

233 2529 268 2564 di
290 2534 439 2578 potere?
464 2532 493 2567 Il
519 2533 621 2568 ladro
649 2535 715 2569 che
739 2534 786 2568 ha
815 2535 850 2569 in
880 2547 945 2570 suo
968 2541 1091 2580 potere
1117 2547 1165 2570 un
1199 2535 1434 2582 passeggiero
1454 2563 1464 2578 ‚
1505 2534 1552 2570 ha
1592 2532 1664 2581 egli

231 2587 351 2624 dir-icto
377 2591 412 2625 di
451 2592 658 2628 ritenerlo?
684 2594 769 2629 No:
802 2594 834 2628 la
879 2594 977 2629 forza
1013 2595 1115 2630 fisica
1134 2624 1142 2639 ‚
1171 2595 1315 2642 quando
1352 2597 1371 2630 ὲ
1412 2593 1500 2638 sola,
1525 2595 1546 2629 ὲ
1587 2592 1665 2629 anzi
