1737 2802
699 135 968 190 —361—

111 231 235 274 Deus
269 231 391 274 omni
417 229 597 273 homine
631 229 815 288 amplius
841 227 1087 285 diligendus
1121 239 1198 285 est,
1223 225 1409 284 amplius
1435 226 1551 284 quis-

82 293 200 360 ¹que
235 300 359 345 debet
393 301 537 344 Deum
573 300 753 358 diligere
787 316 915 359 quam
950 300 1156 357 seipsum.
1206 299 1314 342 Item
1363 297 1550 355 amplius

119 375 225 418 alius
258 373 395 416 homo
431 373 675 430 diligendus
710 386 789 428 est,
825 388 954 429 quam
998 386 1155 429 corpus
1200 382 1416 428 nostrum3
1452 370 1551 428 quia

88 487 90 507 ;
120 457 298 504 propter
330 445 473 487 Deum
512 445 660 487 onmia
693 445 770 487 ista
805 443 1022 501 diligenda
1054 455 1168 497 sunt,
1203 455 1243 485 et
1290 453 1433 500 potest
1466 456 1552 484 no-

115 516 283 560 biscum
318 516 423 559 alius
459 515 596 559 homo
631 517 726 559 Deo
751 515 924 573 perfrui,
959 514 1076 573 quod
1100 531 1188 558 non
1214 526 1356 573 potest
1380 529 1552 572 corpus;

85 577 218 646 lquia
250 603 408 646 corpus
443 603 517 646 per
551 588 738 630 animam
775 588 897 643 vivit,
920 603 1002 644 qua
1035 585 1220 629 fruimur
1243 587 1355 629 Deo.
1380 585 1552 630 Omnes

85 715 88 717 Β
118 672 262 703 autem
294 675 428 717 aeque
463 658 669 716 diligendi
704 671 815 702 sunt:
850 657 926 701 sed
959 673 1057 701 cum
1092 657 1295 700 omnibus
1344 655 1553 714 prodesse

118 745 208 774 non
241 732 399 788 possis,
433 730 498 773 his
544 731 822 788 potissimum
875 729 1191 773 consulendum
1239 742 1316 786 est,
1350 729 1424 786 qui
1473 742 1552 786 pro

116 801 315 846 locorum
352 815 392 844 et
425 814 676 858 temporum
724 801 791 844 vel
825 800 1115 860 quarumlibet
1163 816 1306 843 rerum
1343 812 1552 858 opportu-

113 874 321 918 nitatibus
356 874 631 916 constrictius
666 873 738 916 tibi
773 873 891 931 quasi
927 872 1110 930 quadarn
1145 885 1261 915 sorte
1297 873 1552 928 iunguntur.

112 946 239 990 Sicut
271 945 402 1001 enim,
436 946 470 987 si
504 944 577 987 tibi
611 944 844 988 abundaret
876 944 1052 1002 aliquid,
1078 943 1195 1002 quod
1219 943 1307 987 dari
1333 954 1553 1001 oporteret

114 1017 157 1060 vei
207 1017 280 1075 qui
314 1031 403 1059 non
437 1015 626 1073 haberet,
660 1031 738 1059 nec
773 1015 941 1059 duobus
976 1015 1065 1058 dari
1100 1029 1261 1073 posset,
1295 1016 1330 1057 si
1363 1014 1439 1058 tibi
1473 1029 1551 1057 oc-

111 1100 339 1132 currerent
374 1088 478 1140 duo,
514 1104 701 1145 quorum
735 1101 888 1132 neuter
923 1087 1054 1130 alium
1087 1087 1153 1131 vel
1201 1087 1439 1144 indigentia
1485 1085 1553 1129 vel

120 1176 219 1218 erga
251 1173 291 1204 te
326 1160 464 1218 aliqua
498 1160 814 1203 necessitudine
863 1173 1094 1218 superaret,
1128 1159 1235 1203 nibil
1282 1160 1436 1203 iustius
1485 1158 1553 1202 fa-

112 1247 250 1286 ceres,
284 1248 413 1290 quam
465 1246 511 1276 ut
559 1245 677 1275 sorte
724 1232 887 1290 legeres
923 1233 989 1275 cui
1034 1232 1222 1276 dandum
1273 1245 1399 1289 esset,
1432 1229 1551 1290 quod

97 1303 207 1359 *dari
241 1305 416 1362 utrique
450 1320 536 1347 non
572 1318 732 1362 posset3
767 1305 826 1347 sic
859 1305 902 1346 in
946 1303 1212 1358 horninibus,
1251 1304 1406 1362 q‘uibus
1450 1318 1552 1347 om-

112 1374 244 1418 nibus
279 1374 504 1419 consulere
538 1391 741 1433 nequeam,
776 1391 854 1433 pro
888 1389 1004 1418 sorte
1039 1375 1284 1419 habendum
1318 1387 1398 1433 est,
1422 1387 1554 1432 prout

107 1448 300 1506 «quisque
326 1447 406 1491 'tibi
440 1447 737 1505 temporaliter
771 1447 1012 1505 colligatius
1044 1447 1273 1492 adhaerere
1306 1448 1544 1504 potuerit.»

636 1762 804 1806 THESIS
840 1762 1031 1805 XXXV.

239 1927 340 1971 Non
372 1927 502 1970 solum
535 1927 662 1985 officia
696 1928 873 1971 iustitiae
898 1936 994 1971 sunt
1026 1929 1147 1971 etiam
1172 1943 1266 1986 erga
1291 1927 1493 1986 improbos
1515 1937 1552 1972 et

117 1999 302 2043 ‘inimicos
335 1999 552 2057 implenda:
587 1999 655 2043 sed
688 1999 815 2056 officia
836 2015 991 2057 qumque
1022 2000 1296 2042 humanitatis
1318 2015 1365 2043 ac
1398 1999 1551 2057 benefi-

105 2071 266 2114 ‹centiae
287 2086 368 2114 non
400 2080 492 2114 sunt
527 2071 668 2114 iisdem
701 2071 951 2128 deneganda.

241 2231 338 2273 106.
372 2229 764 2274 DEMONSTRA‘HO.
800 2231 847 2273 In
883 2229 1062 2273 homine
1095 2230 1297 2289 improbo
1331 2245 1372 2276 et
1415 2232 1553 2277 male·-

112 2296 202 2343 2fico
236 2300 441 2358 distingui
476 2301 630 2344 debent
664 2302 767 2358 duo,
803 2302 1014 2345 nimirum
1037 2310 1189 2346 namra
1213 2314 1254 2346 et
1276 2303 1438 2347 vitium.
1462 2304 1553 2348 Na-

120 2383 215 2414 tura
248 2383 312 2414 est
345 2372 387 2414 in
407 2373 561 2430 ‘pretio
596 2373 787 2416 habenda
820 2386 860 2416 et
894 2373 1119 2417 efficaciter
1166 2373 1359 2418 amanda:
1395 2375 1551 2417 vitium

98 2447 269 2486 ‘contra
303 2456 366 2486 est
401 2444 503 2488 odio
538 2444 781 2488 habendum
821 2458 948 2504 atque
996 2445 1164 2489 fortiter
1212 2446 1550 2505 exstirpandum.

117 2537 175 2545 —
208 2515 326 2558 Haec
359 2515 394 2558 si
429 2515 482 2559 ob
517 2515 669 2560 oculos
697 2516 963 2575 habeantur,
996 2517 1151 2560 veritas
1200 2516 1328 2560 huius
1376 2517 1552 2561 theseos

107 2583 191 2630 2fiet
222 2589 363 2631 statim
399 2589 533 2632 menti
569 2588 808 2633 manifesta.
