1737 2802
677 137 942 168 —121—

93 239 121 262 «
154 220 291 274 Quod
323 235 385 278 ea,
417 236 525 278 quae
557 232 657 262 sunt
681 220 762 263 Dei
786 220 974 278 propria,
998 220 1202 263 creaturis
1226 219 1526 275 attribuantur,

89 291 144 336 ad
187 291 271 335 hoc
318 292 532 349 pertinere
565 290 750 349 videtur,
802 291 921 350 quod
969 290 1130 350 aliquid
1178 292 1216 335 ei
1258 291 1528 350 attribuatur,

88 363 211 421 quod
244 363 282 406 ei
314 378 403 406 non
437 363 687 406 conveniat:
722 362 933 421 quidquid
957 364 1073 406 enim
1097 375 1160 406 est
1178 363 1261 406 Dei
1285 365 1526 421 proprium,

91 446 156 478 est
191 434 282 492 ipse
314 434 451 487 Deus,
500 433 732 477 attribuere
781 446 926 477 autem
960 434 1018 491 id,
1052 433 1172 492 quod
1205 446 1268 477 est
1302 435 1384 478 Dei
1418 451 1525 493 pro-

90 506 255 563 prium,
304 504 427 547 alicui
481 517 712 563 creaturae,
760 517 823 548 est
867 505 1009 563 ipsum
1044 506 1190 549 Deum
1224 504 1363 549 dicere
1411 506 1526 550 idem

89 588 329 620 creaturae.
364 593 384 617 >³

213 652 248 693 A
286 649 466 692 notione
522 647 813 705 blasphemiae
847 647 898 691 ad
931 649 1022 691 eius
1067 647 1302 693 divisiones
1345 649 1527 707 gradum

93 719 313 776 facientes,
362 732 448 763 tres
494 718 636 762 solum
686 720 917 762 innuemus
965 720 1231 777 partitiones.
1267 747 1319 753 —
1356 722 1403 777 α)
1436 721 1528 765 Bla-

93 791 292 850 sphemia
327 803 390 834 est
423 791 490 833 vel
526 799 689 833 tantum
722 790 851 834 cordis
883 790 950 834 vel
982 792 1104 833 etiam
1137 792 1231 836 oris.
1265 793 1328 835 Ita
1351 808 1384 835 s.
1405 792 1529 836 Tho-

93 878 184 906 mas
218 864 305 921 (1):
342 881 364 904 «
397 863 440 907 Si
475 863 681 906 consistat
713 874 881 905 tantum
915 863 959 905 in
996 861 1141 916 corde,
1176 875 1239 906 est
1272 863 1414 907 cordis
1438 863 1529 908 bla—

90 935 306 993 sphemia,
343 936 377 978 si
411 948 555 978 autem
592 936 778 978 exterius
814 934 994 992 prodeat
1027 950 1104 992 per
1136 933 1422 989 locutionem,
1467 949 1530 980 est

91 1007 180 1050 oris
214 1005 489 1064 blasphemia.
516 1024 538 1045 »
565 1006 690 1049 Prior
730 1005 888 1049 directe
912 1006 1149 1063 opponitur
1173 1006 1354 1050 naturali
1387 1007 1529 1051 officio

89 1077 261 1122 colendi
285 1079 428 1122 Deum
453 1077 567 1121 cultu
593 1079 775 1121 interno:
802 1077 929 1120 altera
948 1077 1110 1120 directe
1136 1077 1384 1122 adversatur
1406 1090 1532 1122 natu-

91 1151 168 1193 rali
196 1149 339 1194 officio
363 1151 507 1193 Deum
545 1148 718 1193 colendi
743 1148 859 1192 cultu
885 1149 1013 1192 etiam
1043 1161 1232 1195 externo.
1259 1150 1407 1202 Quare
1432 1166 1530 1193 cum

91 1220 357 1279 blasphemia
391 1219 606 1278 definitur,
641 1220 812 1263 verbnm
846 1232 943 1276 etc.,
966 1220 1027 1262 sic
1050 1219 1266 1275 definitur,
1293 1221 1390 1278 quia
1414 1221 1529 1264 ordi-

92 1293 210 1336 narie
234 1293 523 1336 committitur
547 1290 809 1349 proferendo
840 1290 981 1334 «mala
1000 1290 1125 1334 verba
1143 1290 1195 1335 de
1212 1293 1356 1337 Deo.»
1381 1293 1530 1336 Potest

89 1375 238 1407 tamen
263 1362 434 1407 admitti
454 1379 628 1422 quoque
654 1363 912 1420 cogitatione
938 1378 1012 1406 seu
1036 1362 1168 1406 verbo
1197 1364 1370 1422 mentis,
1403 1376 1529 1422 atque

93 1446 240 1493 potest
273 1435 402 1478 etiam
435 1433 545 1477 facto
569 1433 734 1477 admitti
759 1449 834 1476 seu
861 1449 1006 1491 opere,
1042 1446 1087 1476 ut
1111 1434 1146 1476 si
1170 1435 1265 1492 quis
1298 1435 1341 1477 in
1365 1434 1530 1478 caelum

90 1517 298 1562 expueret
346 1517 417 1548 aut
464 1504 662 1548 dentibus
705 1503 937 1558 frenderet,
973 1517 1013 1547 et
1049 1505 1110 1547 sic
1146 1519 1382 1562 summam,
1424 1521 1531 1563 quae

91 1576 190 1620 Deo
224 1575 417 1630 debetur,
437 1577 723 1620 reverentiam
747 1577 930 1634 practice
957 1589 1133 1634 negaret
1167 1577 1241 1634 (2).
1275 1603 1334 1609 —-
1356 1575 1408 1636 β)
1432 1576 1533 1621 Bla-

90 1648 291 1706 sphemia
323 1661 386 1692 est
417 1648 485 1692 vel
518 1649 667 1693 directa
700 1648 767 1692 vel
803 1648 1012 1693 indirecta.
1037 1649 1112 1692 Est
1146 1649 1322 1702 directa,
1357 1648 1531 1708 quando

91 1718 373 1763 inhonoratio
407 1720 489 1763 Dei
533 1720 717 1778 positive
760 1718 993 1763 intenditur
1025 1735 1047 1762 a
1080 1719 1415 1778 blasphemante.
1452 1721 1530 1764 Est

88 1790 315 1849 indirecta,
363 1791 535 1850 quando
586 1791 846 1835 contumelia
877 1792 922 1835 in
954 1792 1116 1850 Deum,
1158 1793 1238 1836 etsi
1272 1808 1293 1836 a
1326 1791 1529 1851 blasphe-

90 1874 239 1905 mante
271 1877 359 1905 non
392 1863 569 1919 intenta,
611 1875 755 1906 tamen
788 1863 832 1906 in
866 1863 957 1907 eius
993 1861 1115 1906 dictis
1160 1862 1336 1907 factisve
1381 1878 1530 1922 reapse

92 1933 357 1990 continetur,
379 1945 507 1992 atque
540 1934 582 1976 in
617 1934 666 1976 iis
692 1934 901 1977 contineri
924 1933 1173 1978 advertitur.
1208 1935 1402 1993 Utraque
1427 1949 1528 1978 sane

90 2016 159 2047 est
194 2019 400 2062 magnum
449 2017 686 2062 peccatum,
737 2006 874 2048 maius
924 2017 1067 2048 tamen
1101 2004 1186 2063 illa,
1229 2021 1337 2064 quae
1370 2004 1528 2049 dicitur

192 2222 248 2269 (ι)
274 2224 314 2260 L.
340 2235 433 2259 nunc
451 2225 510 2261 cit.
529 2226 564 2260 in
584 2236 683 2272 corp.
710 2235 775 2261 art.
800 2246 833 2250 ——
856 2225 1006 2265 Dantes.
1025 2234 1219 2273 postquam
1238 2227 1340 2270 dixit,
1361 2226 1434 2262 Inf.
1449 2227 1530 2271 XL,

92 2282 287 2318 hominem
314 2295 420 2330 posse
447 2286 521 2320 vim
549 2297 611 2320 seu
637 2285 804 2320 iniuriam
832 2285 960 2321 inferre
978 2286 1062 2326 Deo.
1088 2287 1166 2328 sibi,
1182 2288 1345 2334 proximo
1374 2286 1442 2331 (cf.
1466 2298 1524 2323 su·

92 2352 171 2388 per.
198 2341 274 2378 vol.
301 2343 329 2379 Ι.
357 2343 448 2378 thes.
476 2344 569 2380 LIX.
594 2344 737 2389 schol.),
765 2345 812 2380 ita
839 2346 966 2391 pergit:

379 2438 508 2474 Puossi
535 2437 588 2474 far
615 2438 712 2475 forza
738 2439 833 2475 nella
860 2440 1004 2476 Deitate

385 2497 455 2534 Col
482 2509 544 2533 cor
570 2499 740 2546 negando
766 2511 785 2534 e
813 2500 1104 2536 bestemmiando
1134 2501 1252 2548 quella

190 2579 250 2625 (2)
274 2580 368 2615 Vide
383 2581 527 2625 Suarez,
554 2582 597 2616 de
615 2584 709 2618 vitiis
728 2582 834 2631 relig.
852 2584 1042 2620 contrariis
1061 2584 1083 2619 l.
1104 2584 1130 2619 1.
1150 2595 1178 2618 c.
1197 2594 1229 2627 4.
1250 2595 1349 2619 num.
1369 2594 1404 2620 2.
1429 2595 1532 2632 seqq.
