1737 2802
769 123 1033 167 -180—

185 240 291 281 quae
324 224 430 265 alius
464 222 646 264 omnino
681 236 827 278 capere
861 235 950 263 non
984 233 1138 278 potest;
1173 223 1282 265 sicut
1315 235 1429 280 patet
1460 223 1502 266 in
1531 238 1612 267 ru-

184 298 304 349 stico,
339 297 411 353 qui
443 293 560 338 nullo
602 293 735 336 modo
785 291 1084 351 philosophiae
1133 293 1310 338 subtiles
1359 294 1610 356 considera-

181 370 317 410 tiones
352 365 501 424 capere
525 377 678 422 potest.
703 363 948 410 Intellectus
973 376 1115 407 autem
1149 365 1287 422 angeli
1314 365 1408 423 plus
1436 366 1609 411 excedit

182 438 442 481 intellectum
479 437 736 492 humanum,
759 452 888 494 quam
914 435 1150 480 intellectus
1176 439 1331 495 optimi
1357 437 1608 498 philosophi

180 509 443 554 intellectum
480 508 908 564 1·udissi1nii.liotae;
953 509 1051 566 quia
1102 508 1204 552 haec
1254 509 1451 555 distantia
1499 513 1610 556 inter

180 585 334 642 speciei
368 582 578 624 humanae
612 580 768 624 limites
818 581 1077 638 continetur,
1112 597 1221 638 quos
1269 583 1486 640 angelicus
1534 585 1604 628 in-

180 657 373 701 tellectus
407 653 586 698 excedit.
632 653 871 710 Cognoscit
913 653 1089 711 quidem
1139 654 1314 712 angelus
1360 656 1506 700 Deum
1555 672 1607 702 ex

180 728 380 772 nobiliori
415 726 564 770 effectu
600 741 728 783 quam
765 725 916 783 homo,
949 738 1110 783 quanto
1146 726 1233 784 ipsa
1269 725 1500 772 substantia
1533 744 1604 772 an-

178 801 274 858 geli,
309 816 382 858 per
415 815 543 857 quam
578 799 618 840 in
654 798 733 841 Dei
769 798 1063 854 cognitionem
1099 797 1270 842 ducitur
1303 799 1484 844 naturali
1524 817 1603 845 co·-

177 875 386 931 gnitione,
429 884 491 914 est
540 870 712 927 dignior
761 869 884 912 rebus
933 869 1204 913 sensibilibus
1247 884 1288 915 et
1336 873 1463 916 etiam
1513 874 1604 931 ipsa

176 947 331 1002 anima,
366 961 439 1003 per
472 959 599 1002 quam
630 942 867 985 intellectus
893 942 1107 985 humanus
1131 944 1173 986 in
1197 944 1281 987 Dei
1305 945 1599 1002 cognitionem

176 1017 378 1061 ascendit.
430 1016 657 1072 Multoque
702 1014 884 1071 amplius
934 1013 1172 1057 intellectus
1220 1015 1388 1059 divinus
1436 1016 1602 1061 excedit

175 1089 432 1146 angelicum,
466 1102 594 1146 quain
630 1086 844 1143 angelicus
880 1085 1132 1130 humanum.
1174 1088 1270 1146 Ipse
1304 1089 1420 1132 enim
1469 1089 1600 1134 intel-

172 1162 306 1205 lectus
341 1162 509 1204 divinus
543 1176 617 1202 sua
652 1159 880 1217 capacitate
914 1158 1191 1202 substantiam
1227 1176 1349 1204 suam
1378 1161 1602 1220 adaequat,

172 1249 212 1279 et
246 1234 342 1278 ideo
377 1232 560 1292 perfecte
597 1232 646 1275 de
681 1247 724 1274 se
759 1230 956 1287 intelligit
991 1231 1095 1289 quid
1128 1245 1204 1286 est,
1240 1246 1280 1276 et
1324 1234 1470 1277 omnia
1513 1249 1596 1278 co-

171 1307 354 1366 gnoscit,
389 1321 495 1363 quae
530 1303 580 1347 de
617 1304 758 1361 scipso
784 1302 1064 1361 intelligibilia
1098 1317 1211 1362 sunt3
1236 1320 1323 1348 non
1359 1319 1500 1349 autem
1523 1321 1598 1350 na·

169 1378 291 1422 turali
329 1378 576 1434 cognitione
602 1375 776 1433 angelus
811 1376 861 1419 de
887 1377 982 1419 Deo
1009 1377 1233 1433 cognoscit
1265 1377 1369 1435 quid
1393 1391 1472 1434 est,
1496 1379 1596 1437 quia

170 1465 209 1495 et
242 1453 332 1510 ipsa
364 1449 595 1494 substantia
628 1449 784 1506 angeli,
821 1465 894 1507 per
927 1464 1056 1507 quam
1093 1441 1143 1491 in'
1168 1450 1249 1493 Dei
1299 1452 1594 1509 cognitionem

169 1524 355 1576 ducitur,
392 1536 455 1566 est
478 1521 650 1566 effectus
677 1537 824 1564 causae
847 1522 1050 1564 virtutem
1077 1537 1165 1564 non
1189 1521 1442 1580 adaequans,
1465 1523 1595 1568 Unde

168 1612 255 1639 non
290 1596 449 1652 omnia,
483 1610 589 1652 quae
624 1595 665 1637 in
700 1595 842 1652 seipso
876 1595 994 1637 Deus
1045 1594 1256 1651 intelligit,
1289 1603 1464 1652 angelus
1512 1612 1594 1641 na-

165 1667 290 1712 turali
325 1668 573 1724 cognitione
607 1682 755 1724 capere
790 1679 944 1724 potest3
978 1680 1056 1708 nec
1090 1665 1140 1709 ad
1175 1668 1335 1724 omnia,
1369 1683 1477 1726 quae
1509 1685 1591 1713 an·-

164 1741 286 1799 gelus
319 1740 498 1784 naturali
532 1741 688 1782 virtute
721 1738 934 1795 intelligit,
970 1738 1157 1782 humana
1190 1739 1297 1783 ratio
1332 1739 1488 1784 sufficit
1523 1757 1591 1786 ca-

165 1812 329 1872 pienda.
365 1813 483 1856 Sicut
515 1812 646 1869 igitur
681 1812 890 1854 maximae
923 1811 1133 1853 amentiae
1168 1823 1279 1854 esset
1327 1810 1479 1866 idiota,
1513 1813 1588 1872 qui

162 1904 222 1940 ea,
255 1901 362 1944 quae
397 1900 417 1927 a
450 1881 713 1942 philosopho
748 1894 1068 1940 proponuntur,
1104 1880 1202 1924 falsa
1239 1898 1332 1926 esse
1365 1897 1592 1940 assereret,

161 1971 338 2016 propter
371 1957 454 2000 hoc
501 1955 620 2014 quod
652 1971 698 1998 ea
747 1971 895 2013 capere
931 1970 1017 1998 non
1065 1967 1220 2013 potest3
1256 1955 1314 1998 ita
1356 1969 1397 1999 et
1445 1956 1589 2002 multo

159 2030 343 2089 amplius
374 2029 532 2072 nimiae
565 2027 768 2071 stultitiae
800 2039 911 2071 esset
945 2027 1096 2079 homo,
1133 2027 1166 2069 si
1212 2043 1273 2084 ea,
1309 2043 1418 2085 quae
1470 2027 1591 2072 divi-

158 2104 272 2146 nitus
307 2101 562 2160 angelorum
597 2101 839 2143 ministerio
872 2099 1127 2157 revelantur,
1170 2098 1270 2142 falsa
1312 2115 1406 2144 esse
1437 2102 1584 2160 suspi-

157 2187 347 2230 caretur,
403 2191 454 2217 ex
506 2173 588 2216 hoc
642 2172 759 2231 quod
815 2172 978 2215 ratione
1032 2172 1280 2229 investigari
1331 2187 1419 2216 non
1472 2189 1584 2232 pos-

154 2260 266 2292 sunt.
299 2264 319 2287 ›>
1174 2239 1175 2242 Ἴ

271 2317 430 2361 Probat
461 2319 571 2361 tertio
597 2334 647 2361 ex
671 2317 854 2374 defectu,
879 2332 1009 2375 quem
1035 2317 1076 2359 in
1114 2315 1240 2359 rebus
1266 2315 1586 2374 cognoscendis

151 2390 346 2448 quotidie
370 2391 700 2448 experimur.—
717 2408 738 2430 «
758 2391 920 2435 Rerum
945 2387 1213 2432 sensibilium
1247 2387 1455 2446 plurimas
1477 2402 1583 2446 pro·

149 2463 350 2520 prietates
384 2464 652 2520 ignoramuS,
686 2477 918 2520 earumque
953 2461 1282 2519 proprietatum,
1309 2475 1413 2518 quas
1447 2474 1578 2504 sensu·

147 2533 527 2592 apprehendimus,
561 2536 771 2577 rationem
817 2532 1002 2591 perfecte
1050 2534 1094 2576 in
1142 2532 1334 2592 pluribus
1381 2532 1580 2576 invenire

146 2620 234 2648 non
259 2621 507 2663 possumus.
531 2591 671 2648 Multo
696 2606 827 2662 igitur
847 2604 1030 2663 amplius
1053 2605 1166 2649 illius
1189 2603 1579 2649 excellentissimae
