1737 2802
719 116 986 170 —356—

135 227 417 255 communem
462 211 583 255 illum
632 210 764 254 finem
817 210 1137 269 assequendum
1193 211 1445 254 adiumento
1499 211 1572 254 sit-

132 284 298 327 Paucis:
331 283 445 337 dilige,
474 284 713 340 proximum
746 291 859 325 tuum
892 282 994 325 sicut
1028 283 1199 339 teipsum
1235 285 1316 334 (1).
1371 271 1373 273 Ι

248 355 349 398 Non
385 354 556 408 dicitur,
589 359 794 412 quantum
828 355 1034 411 teipsum,
1068 354 1093 396 i.
1129 370 1163 397 e.
1199 352 1350 396 eadem
1393 351 1576 396 affectus

129 429 390 482 intensitate:
423 427 457 468 si
491 426 607 469 enim
631 440 729 468 cum
754 427 904 467 ceteris
942 440 987 467 es
1011 437 1161 468 natura
1195 424 1398 483 aequalis,
1423 437 1570 467 tecum

136 507 231 563 ipso
264 516 307 544 es
342 513 477 542 unum
513 496 733 553 idemque.
768 497 958 549 Dicitur,
992 497 1099 540 'sicut
1132 498 1338 553 teipsum,
1374 498 1400 540 i.
1435 512 1471 540 e.
1507 496 1575 538 si-

137 576 227 619 mili
261 571 501 616 dilectione:
536 568 666 626 idque
689 581 783 611 tum
818 581 1030 625 quantum
1065 569 1115 612 ad
1138 568 1287 623 finem,
1312 583 1406 613 tum
1436 585 1570 627 quan-

136 662 229 691 tum
253 644 304 688 ad
329 643 530 698 formam,
554 654 647 684 tum
673 653 882 698 quantum
909 640 960 684 ad
985 640 1185 684 effectum
1209 643 1386 686 amoris.
1419 660 1439 683 «
1459 641 1572 702 ⁴Sicut?

137 720 324 776 teipsum,
347 716 402 757 ait
425 730 460 756 s-
481 712 679 757 Thomas
702 712 789 770 (2),
813 727 899 755 non
923 725 986 755 est
1009 711 1281 756 referendum
1306 712 1357 756 ad
1379 712 1573 772 aequali-

138 798 256 833 tatem
289 786 545 841 dilectionis,
578 797 624 828 ut
657 784 818 827 scilicet
851 783 1003 841 aliquis
1037 776 1230 827 teneatur
1263 784 1440 842 diligere
1468 800 1573 842 pro-

134 862 303 904 ximum
336 858 561 916 aequaliter
593 856 687 900 sibi:
712 856 793 899 hoc
818 857 932 898 enim
962 868 1074 898 esset
1098 868 1246 898 contra
1278 856 1475 900 ordinem
1502 871 1571 900 ca-

135 932 284 985 ritatis,
318 945 404 988 quo
438 926 614 987 quilibet
650 926 743 984 plus
778 939 951 969 tenetur
985 942 1107 969 suam
1131 927 1259 984 quam
1294 927 1478 971 'aliorum
1501 943 1570 972 sa-

135 1003 271 1047 lutern
305 1016 464 1045 curare.
501 998 586 1043 Sed
620 1010 683 1042 est
715 996 990 1041 referendum
1025 997 1076 1040 ad
1110 997 1419 1042 similitudinem
1455 998 1571 1043 dile-

136 1075 306 1129 ctionis,
340 1086 386 1116 ut
437 1071 595 1114 scilicet
641 1070 826 1113 similiter
875 1069 1105 1126 diligamus
1154 1071 1403 1126 proximum
1453 1071 1570 1115 sicut

134 1147 349 1204 nosipsos.
386 1146 438 1188 Et
471 1144 554 1187 hoc
586 1141 821 1200 tripliciter.
866 1168 911 1173 —-
948 1142 1097 1185 Primo
1131 1140 1325 1200 quidem„
1352 1155 1567 1201 quantum

135 1217 187 1262 ad
212 1217 342 1276 finem
376 1215 634 1267 dilectionis,
669 1225 714 1256 ut
748 1212 910 1256 scilicet
948 1228 1028 1255 nos
1077 1226 1117 1256 et
1165 1213 1430 1271 proximum'
1463 1213 1567 1257 dili-
1600 1211 1604 1214 ⁴

135 1304 287 1348 gamus
323 1300 499 1346 propter
532 1287 692 1329 Deum.
727 1310 784 1317 —
819 1284 1022 1328 Secundo
1056 1297 1267 1342 quantum
1300 1284 1352 1328 ad
1377 1285 1570 1344 formam

135 1360 392 1413 dilectionis,
426 1372 474 1402 ut
506 1357 666 1400 scilicet
699 1357 808 1399 sicut
843 1356 995 1414 aliquis
1031 1357 1223 1414 seipsum
1259 1355 1400 1413 diligit
1442 1357 1567 1415 quasi

134 1433 215 1477 sibi
246 1430 396 1474 volens
431 1429 609 1482 bonum,
643 1429 700 1470 ita
733 1426 884 1485 aliquis
920 1424 1167 1484 proximum
1203 1426 1350 1484 diligat
1382 1428 1503 1485 quasi
1527 1427 1568 1470 ei

134 1504 247 1549 bona
277 1502 441 1545 volens.
477 1500 569 1553 Qui
603 1511 746 1542 autern
781 1498 918 1554 diligit
942 1499 1190 1555 proximum
1215 1497 1266 1541 ad
1290 1497 1373 1542 hoc
1398 1498 1567 1551 solum,

134 1588 182 1619 ut
213 1576 304 1618 eius
338 1572 520 1616 utilitate
553 1570 621 1613 vel
655 1569 882 1613 dilectione
918 1570 1122 1626 potiatur,
1154 1584 1242 1612 non
1275 1568 1367 1612 vult
1398 1568 1566 1612 bonum

133 1647 349 1704 proximo,
382 1643 457 1686 sed
491 1658 541 1685 ex
574 1642 775 1699 proximo
809 1640 899 1682 vult
924 1640 1004 1682 sibi
1037 1639 1217 1683 bonum.
1244 1640 1351 1693 Quo
1385 1639 1566 1700 quidem-

129 1719 265 1763 modo
299 1717 434 1759 homo
469 1727 610 1757 amare
646 1712 800 1775 dicitur
836 1726 902 1754 res
938 1710 1222 1764 irrationales,
1263 1709 1387 1769 puta'
1412 1711 1567 1754 vinum

125 1790 194 1834 vel
228 1791 396 1847 aquam,
430 1798 478 1829 ut
512 1784 672 1827 scilicet
705 1784 763 1826 eis
798 1795 954 1825 utatur.
988 1809 1046 1814 —
1078 1782 1232 1826 Tertio
1266 1794 1476 1841 quantum
1511 1780 1567 1825 ad
1599 1839 1601 1842 Α

125 1861 313 1920 effectum
346 1857 602 1911 dilectionis,
637 1868 684 1898 ut
717 1854 878 1897 scilicet
912 1854 1064 1912 aliquis
1098 1855 1340 1898 necessitati
1374 1853 1567 1913 proximi

126 1932 363 1984 subveniat,
396 1930 504 1972 sicut
537 1927 628 1971 sibi:
654 1940 694 1970 et
727 1927 845 1985 quod
870 1926 979 1969 nihil
1014 1925 1212 1969 illicitum
1236 1936 1415 1983 propter
1443 1938 1568 1967 amo-

131 2020 222 2048 rem
246 2002 431 2060 proximi
456 2001 713 2055 committat,
738 1999 848 2041 sicut
871 2014 947 2041 nec
971 2010 1147 2055 propter
1169 2012 1297 2039 suum
1321 2001 1562 2039 amorem.»

252 2074 394 2116 Dices:
429 2071 512 2114 hoc
546 2072 686 2113 mutui
721 2070 881 2113 amoris
922 2069 1115 2112 debiturn
1163 2066 1426 2111 sufficienter
1472 2066 1567 2109 im-

224 2293 275 2337 (1)
304 2292 496 2326 Proximus
522 2299 604 2324 tuus
632 2298 684 2324 est
712 2288 783 2325 ille,
812 2289 872 2335 qui
898 2298 1019 2323 tecum
1047 2296 1098 2322 est
1123 2286 1159 2320 in
1187 2284 1317 2319 eodem
1344 2284 1470 2331 gradu,
1487 2284 1510 2318 i.
1529 2293 1566 2318 e.

131 2352 193 2400 qui
220 2363 331 2398 aeque
355 2362 394 2384 ac
421 2358 458 2384 tu
485 2358 539 2383 est
563 2347 678 2382 sactus
705 2347 748 2381 ad
775 2345 968 2381 fruendum
997 2347 1090 2387 Deo,
1116 2345 1248 2392 quique
1265 2342 1419 2390 proinde
1444 2352 1566 2390 potest

131 2423 167 2448 et
192 2414 269 2458 ipse
295 2420 414 2446 tecum
443 2410 614 2455 consequi
641 2416 825 2442 aeternam
855 2407 1077 2441 beatitatem.
1102 2405 1188 2440 Non
1224 2413 1276 2440 est
1315 2404 1472 2447 alterius,
1498 2402 1562 2438 sed

131 2471 291 2508 eiusdem
319 2468 585 2510 destinationis,
613 2479 687 2501 non
714 2465 897 2501 inferioris
925 2466 985 2500 sed
1014 2464 1173 2500 eiusdem
1199 2473 1360 2499 naturae.

225 2530 279 2576 (2)
306 2530 450 2564 Comrn.
479 2528 515 2561 in
543 2539 596 2573 ep.
624 2527 667 2561 ad
694 2528 800 2561 Rom.
829 2537 907 2571 cap.
934 2525 1030 2560 XIII.
1059 2523 1139 2559 lect.
1166 2534 1197 2559 2.
1221 2543 1263 2549 —
1281 2524 1351 2560 Pro
1378 2521 1446 2556 hac
1467 2518 1566 2555 thesi

131 2589 176 2627 cf.
203 2591 312 2625 etiam
339 2588 499 2624 eiusdem
527 2588 687 2623 doctoris
714 2595 815 2621 tract.
845 2586 887 2620 de
916 2585 1042 2620 decem
1069 2594 1186 2631 praec.
