1737 2802
643 153 910 196 -119-

185 251 253 294 30.
287 238 542 281 SeHoLION.
577 237 698 280 Sicut
732 237 774 279 in
807 235 899 279 aliis
947 235 1051 292 legis
1092 233 1291 278 naturalis
1325 234 1487 277 iussio—

64 308 204 366 nibus,
235 309 290 352 ita
323 309 364 352 in
400 308 482 351 hoc
515 307 692 350 naturali
727 319 954 364 praecepto
979 306 1030 350 de
1054 321 1260 364 supremo
1290 305 1485 350 Numine

65 379 261 437 colendo,
295 380 401 423 duae
435 379 590 423 debent
622 391 760 437 partes
795 379 1021 435 distingui,
1057 377 1182 421 altera
1211 377 1389 435 quidem
1422 392 1486 420 ne-

61 453 204 510 gativa
229 451 421 509 obligans
446 467 617 509 semper
649 463 688 494 et
723 466 800 508 pro
835 465 1022 507 semper,
1045 450 1171 492 altera
1190 464 1292 491 vero
1306 449 1486 506 positiva

66 521 260 581 obligans
295 522 469 581 quidem
505 537 674 579 semper
706 521 780 564 sed
805 537 892 564 non
917 520 969 564 ad
992 535 1162 578 semper
1178 520 1253 577 (1).
1277 518 1487 576 Negativa

64 594 261 652 prohibet
295 595 601 653 quodcumque
635 594 797 637 dictum
831 594 896 637 vel
932 593 1088 637 factum
1110 593 1175 636 vel
1206 592 1487 649 concupitum

64 665 108 708 in
142 665 349 724 probrum
383 682 457 709 seu
493 666 675 709 dedecus
710 664 894 708 infinitae
920 666 1000 708 Dei
1028 665 1260 707 maiestatis
1283 661 1488 706 tendens:

66 739 249 796 positiva
280 753 383 781 vero
417 739 633 795 praecipit,
667 750 713 780 ut
747 736 937 780 debitum
973 737 1069 779 Deo
1105 735 1265 778 cultum
1300 748 1393 778 tum
1427 734 1490 776 in-

65 824 234 854 ternum
269 822 360 852 tum
395 809 522 851 etiam
559 821 784 852 externum
820 807 1071 851 tribuamus.

182 880 249 924 Ad
284 893 446 938 partem
483 881 588 923 hanc
624 881 851 938 positivam
887 879 1006 937 quod
1040 879 1202 931 attinet,
1251 876 1355 920 illud
1398 877 1491 919 ani-

65 952 344 1010 madvertam,
363 952 481 1010 quod
516 969 546 996 s,
582 952 779 996 Thomas
800 952 859 1008 (2)
882 951 1008 994 docet
1042 950 1156 994 hisce
1178 949 1340 993 verbis:
1381 948 1491 991 «De

66 1022 292 1067 dictamine
326 1024 502 1067 rationis
537 1024 737 1067 naturalis
773 1036 850 1079 est,
885 1021 1002 1080 quod
1039 1021 1174 1065 homo
1210 1021 1348 1077 aiiqua
1370 1017 1491 1062 faciat

65 1093 116 1138 ad
151 1096 432 1138 reverentiam
468 1095 670 1140 divinam.
698 1096 778 1140 Sed
804 1094 921 1153 quod
947 1094 1048 1137 haec
1067 1093 1346 1137 determinate
1370 1090 1492 1134 faciat

65 1165 129 1208 vel
161 1165 242 1223 illa,
277 1166 388 1209 istud
424 1182 511 1209 non
547 1180 609 1210 est
645 1166 695 1210 de
730 1166 959 1209 dictamine
984 1165 1158 1208 rationis
1182 1161 1398 1216 naturalis,
1419 1161 1493 1204 sed

66 1237 117 1280 de
153 1238 423 1281 institutione
475 1240 577 1281 iuris
612 1239 744 1282 divini
777 1238 843 1281 vel
877 1237 1052 1280 humani
1085 1254 1105 1277 »
1146 1237 1171 1279 i.
1207 1252 1242 1279 e.
1275 1234 1383 1292 legis
1418 1248 1495 1292 po-

64 1309 224 1352 sitivae.
262 1309 389 1362 Quae
423 1309 548 1352 verba
573 1310 633 1352 sic
657 1322 750 1367 apte
779 1310 955 1366 exponit
976 1307 1224 1365 Tongiorgi
1248 1305 1323 1363 (3):
1361 1324 1382 1346 «
1404 1305 1495 1349 Na-

65 1392 185 1422 turae
217 1379 311 1437 lege
346 1379 427 1424 hoc
453 1380 629 1438 quidem
654 1381 926 1438 praecipitur,
953 1392 998 1422 ut
1022 1380 1166 1422 Deum
1185 1378 1302 1421 cultu
1319 1391 1495 1435 quoque

65 1464 244 1495 externo
296 1452 503 1510 colamus,
540 1452 669 1511 idque
713 1453 951 1511 prudenter,
1002 1452 1194 1503 decenter,
1237 1450 1495 1508 frequenter:

66 1524 225 1567 modus
259 1540 362 1568 vero
397 1537 436 1567 et
471 1524 669 1568 adiuncta
702 1524 830 1567 huius
865 1523 1003 1567 cultus
1036 1538 1123 1566 non
1157 1523 1277 1565 omni
1306 1536 1356 1563 ex
1379 1520 1498 1578 parte

66 1594 342 1650 definiuntur,
377 1613 416 1640 v.
452 1612 490 1654 g.
527 1597 598 1655 qui
633 1597 738 1639 ritus
782 1597 823 1638 in
859 1608 1033 1638 externa
1081 1593 1329 1637 adoratione
1372 1589 1497 1634 adhi-

67 1666 193 1711 bendi
228 1669 327 1723 sint,
372 1684 478 1726 quae
527 1668 765 1712 oblationes
815 1667 1070 1724 offerendae,
1118 1683 1198 1724 qua
1242 1663 1494 1723 frequentia.

69 1739 187 1782 Haec
218 1740 351 1797 igitur
384 1739 621 1797 praefinitio
655 1739 719 1784 vel
755 1738 954 1797 prudenti
985 1739 1194 1796 cuiusque
1228 1736 1406 1793 iudicio,
1428 1733 1496 1778 vel

62 1809 156 1868 lege
203 1810 342 1869 aliqua
389 1812 585 1868 positiva,
618 1810 683 1855 vel
718 1811 860 1855 divina
911 1810 1048 1869 aliqua
1098 1809 1357 1854 revelatione
1403 1806 1495 1850 fieri

65 1879 202 1924 debet.
236 1877 258 1921 ἐν
295 1879 393 1924 Hoc
427 1881 598 1938 scilicet,
633 1894 678 1925 ut
711 1882 793 1924 iam
829 1880 1015 1923 diximus
1049 1879 1134 1939 (4),
1169 1879 1394 1938 proprium
1429 1888 1497 1920 est

62 1951 170 2010 legis
201 1952 417 2007 naturalis,
451 1952 661 2011 quaedam
696 1965 882 1996 statuere
905 1951 1185 2009 generaliora,
1209 1966 1318 2009 quae
1342 1960 1495 2008 postea

169 2244 226 2290 (ι)
251 2243 346 2280 Vide
373 2255 493 2291 super.
519 2245 590 2280 vol.
610 2245 637 2279 I.
658 2245 750 2280 thes.
777 2244 928 2280 XXXV.
955 2255 1035 2290 pag.
1060 2243 1154 2290 289.:
1182 2243 1267 2278 item
1285 2242 1392 2277 huius
1418 2241 1495 2276 vol.

68 2304 166 2340 thes.
195 2303 256 2339 111.
281 2315 362 2351 pag.
388 2314 446 2348 47.

168 2363 224 2409 (2)
252 2362 291 2398 In
321 2373 351 2398 2.
380 2373 414 2400 2.
443 2375 476 2411 q.
507 2364 563 2399 81.
591 2376 619 2399 a.
650 2373 679 2398 2.
709 2363 753 2398 ad
785 2374 814 2410 3.

162 2422 216 2469 (3)
242 2421 325 2458 Eth.
351 2423 476 2468 partic.
510 2435 587 2469 cap.
619 2423 644 2458 1.
683 2433 784 2458 num.
825 2432 902 2470 293.
931 2422 986 2458 Cf.
1011 2423 1155 2465 Suarez,
1185 2421 1228 2457 de
1270 2429 1363 2456 orat.
1391 2420 1414 2456 1.
1443 2419 1504 2455 111.

66 2482 108 2518 c.
134 2481 168 2518 6.
197 2493 232 2518 n.
256 2491 300 2524 4.,
327 2481 386 2516 ubi
415 2481 473 2525 ait,
504 2496 521 2513 «
538 2482 884 2518 determinationem
911 2481 1014 2516 illam
1042 2481 1224 2528 pertinere
1251 2480 1295 2515 ad
1324 2481 1378 2514 ius
1400 2477 1504 2525 posi-

67 2529 208 2578 tivum.
236 2541 308 2584 vel,
337 2541 398 2576 illo
427 2541 632 2583 deficiente,
661 2541 704 2576 ad
731 2541 890 2588 prudens
919 2541 1074 2577 colentis
1100 2541 1298 2576 arbitrium.
1317 2554 1334 2571 »

168 2600 223 2647 (4)
248 2601 342 2637 Vide
368 2613 486 2647 super.
513 2601 586 2636 vol.
614 2601 638 2636 1.
667 2601 760 2637 thes.
791 2601 937 2637 XLVII.
965 2612 1046 2648 pag.
1080 2600 1153 2646 378.
