1737 2802
778 162 1055 205 —16832

320 259 423 302 Non
457 271 691 315 possumus
725 255 960 314 intelligere
993 255 1189 311 modum,
1234 273 1321 316 quo
1370 257 1490 301 Deus
1539 255 1628 300 ho-

206 331 309 373 mini
343 329 460 387 loqui
495 344 570 372 seu
607 329 830 371 veritatem
866 326 1138 372 manifestare
1171 342 1310 386 queat.
1345 330 1461 387 Ergo
1505 343 1646 373 reve-.

204 403 306 445 latio
339 414 402 444 est
436 417 486 444 ex
519 413 635 458 parte
670 400 751 443 Dei
780 399 1069 457 impossibilis.
1095 425 1153 434 -—
1186 400 1447 459 Respondeo
1476 402 1629 460 primo:

211 475 293 517 lioc
326 472 619 531 enthymema,
655 472 818 530 Ncqnso
853 472 1069 529 intelligere
1100 473 1277 527 modum,
1310 489 1386 532 quo
1434 473 1528 534 haec
1570 487 1634 516 res

206 546 294 600 fi.2ri
320 546 458 603 possit,
493 545 599 601 Ergo
634 559 695 587 res
746 544 839 587 haec
886 553 942 587 cst
988 544 1253 602 impossibilis,
1301 544 1468 589 admitti
1515 543 1635 587 nullo
1680 537 1682 539 ’

211 630 333 675 pacto
367 629 522 674 potest.
560 617 692 660 Secus
727 617 842 659 enim
876 617 1125 659 innumerae
1159 632 1240 674 res,
1273 632 1398 675 quae,
1432 616 1635 661 omnibus

213 690 473 733 unanimiter
507 687 890 745 consentientibus,
924 701 1024 731 sunt
1072 687 1313 746 possibiles,
1348 690 1439 732 imo
1487 703 1633 747 reapse

218 763 463 816 existentes,
490 760 744 804 reiiciendae
770 759 908 803 forent
943 762 1051 803 inter
1075 776 1141 803 res
1170 760 1458 818 impossibiles
1481 759 1556 820 (1).
1581 785 1638 794 —

214 832 472 890 Respondeo
505 832 673 875 secundo
707 832 766 874 sic
800 831 1119 888 distinguendo:
1145 847 1232 876 non
1267 846 1501 890 possumus
1537 847 1640 876 enu-

216 920 380 948 merare
414 904 556 962 plures
591 903 763 960 modos,
785 903 940 961 quibus
975 904 1093 947 Deus
1117 905 1177 946 uti
1203 917 1342 962 potest
1367 903 1417 948 ad
1440 905 1639 948 veritates

219 975 467 1020 revelandas
502 991 614 1032 wgo,
647 991 732 1017 non
771 991 1005 1032 possumus
1040 976 1253 1032 assignare
1288 976 1501 1020 definitive
1535 988 1576 1019 et
1625 991 1647 1018 a

227 1049 376 1106 priori,
411 1048 583 1105 quinam
619 1048 659 1089 in
695 1047 937 1104 particulari
970 1048 1022 1089 sit
1057 1046 1213 1091 modus
1247 1047 1333 1100 ille,
1370 1063 1456 1106 quo
1499 1061 1647 1104 reapse

226 1122 345 1164 Deus
379 1132 538 1177 utetur,
571 1120 605 1162 si
640 1119 741 1162 velit
774 1118 933 1176 aliquid
966 1118 1151 1162 revelare
1187 1135 1290 1163 conc.
1325 1120 1391 1162 De
1424 1119 1552 1162 variis
1576 1134 1646 1161 au-

226 1205 313 1235 tem
350 1191 510 1244 modis,
546 1191 700 1249 quibus
734 1192 794 1233 uti
830 1204 972 1248 potest
1017 1192 1137 1234 Deus
1181 1190 1230 1234 ad
1277 1191 1476 1234 veritates
1524 1206 1649 1234 reve-

227 1262 388 1314 landam,
424 1262 526 1306 haec
558 1263 699 1320 accipe
723 1279 772 1305 ex
806 1279 838 1305 s.
865 1262 1042 1306 Thoma
1065 1262 1150 1320 (23
1191 1280 1210 1303 «
1230 1261 1448 1308 Revelatio
1471 1261 1516 1305 fit
1540 1276 1647 1320 quo-

229 1335 326 1378 dam
361 1335 552 1377 interiori
586 1347 626 1378 et
660 1334 913 1391 intelligibili
957 1335 1119 1378 lumine
1162 1347 1351 1378 mentem
1401 1334 1652 1378 elevante...

231 1407 345 1450 Cum
381 1406 596 1464 praedicto
631 1419 773 1450 autem
807 1406 969 1449 lumine
993 1419 1181 1450 mentem
1207 1407 1384 1449 interius
1418 1405 1653 1449 illustrante

227 1477 380 1520 adsunt
412 1477 641 1535 aliquando
675 1478 716 1519 in
765 1477 907 1521 divina
951 1477 1207 1521 revelatione
1255 1477 1394 1535 aliqua
1441 1476 1652 1520 exteriora

234 1549 299 1592 vel
334 1550 534 1592 interiora
568 1551 827 1606 cognitionis
861 1550 1030 1603 auxilia,
1059 1563 1209 1607 utpote
1243 1549 1394 1608 aliquis
1418 1564 1562 1592 sermo
1586 1564 1655 1591 ex-

232 1622 364 1664 terius
398 1621 657 1664 sensibiliter
690 1621 873 1675 auditus,
918 1623 990 1680 qui
1039 1621 1181 1665 divina
1229 1622 1385 1664 virtute
1431 1619 1659 1676 formetur,

234 1705 305 1735 aut
340 1710 414 1751 per
449 1694 806 1750 imaginationem
844 1695 1041 1746 interius,
1073 1695 1168 1737 Deo
1202 1693 1395 1750 faciente,
1419 1705 1660 1750 perceptus,

236 1769 324 1809 sive
358 1767 486 1809 etiam
522 1765 658 1823 aliqua
694 1767 976 1824 corporaliter
1007 1768 1095 1810 visa
1145 1767 1329 1810 exterius
1364 1781 1385 1808 a
1426 1766 1521 1808 Deo
1570 1763 1664 1808 for-

237 1851 366 1890 mata,
401 1837 467 1879 vel
501 1838 630 1880 etiam
680 1839 857 1881 interius
908 1840 949 1881 in
999 1839 1308 1896 imaginatione
1355 1836 1581 1893 descripta,
1613 1851 1666 1878 ex

241 1908 394 1966 quibus
430 1908 564 1951 homo
599 1925 674 1966 per
705 1908 852 1952 lumen
888 1910 1065 1952 interius
1100 1909 1234 1951 menti
1278 1910 1537 1966 impressum
1582 1920 1663 1948 co-

240 1981 480 2037 gnitionem
528 1981 679 2038 accipit
727 1980 999 2038 divinorum3
1047 1981 1161 2024 unde
1209 1978 1459 2023 huiusmodi
1511 1976 1668 2020 auxilia

243 2053 334 2095 sine
369 2053 562 2096 interiori
598 2053 760 2096 lumine
785 2053 834 2096 ad
870 2053 1164 2110 cognitionem
1189 2051 1433 2095 divinorum
1469 2063 1557 2092 non
1580 2047 1669 2091 suf·

242 2123 404 2168 ficiunt:
439 2124 583 2168 lumen
618 2138 759 2168 autem
794 2125 973 2167 interius
1007 2123 1161 2166 sufficit
1194 2124 1285 2166 sine
1334 2123 1478 2165 istis.»
1533 2120 1666 2164 Hisce

245 2195 383 2239 verbis
431 2196 655 2240 exhibetur
705 2196 974 2240 revelationis
1023 2194 1295 2238 immediatae
1344 2192 1581 2244 distinctio,
1615 2204 1667 2234 ex

248 2280 366 2324 parte
401 2267 519 2310 modi
554 2283 640 2325 quo
674 2267 735 2325 fit,
770 2269 811 2311 in
847 2283 949 2310 mere
981 2270 1181 2310 internam
1216 2278 1255 2309 et
1278 2273 1501 2316 externam,
1535 2261 1601 2306 vel
1628 2262 1671 2304 in

347 2510 403 2554 (ι)
432 2508 490 2546 Cf.
519 2521 559 2543 ea
586 2520 676 2555 quae
704 2508 860 2542 diximus
887 2506 957 2541 vol.
993 2517 1018 2541 1.
1045 2505 1137 2539 thes.
1158 2504 1217 2539 IX.
1239 2514 1322 2550 pag.
1352 2501 1419 2544 82„
1438 2500 1499 2535 ubi
1524 2497 1675 2546 pulchra

247 2569 320 2605 hac
348 2569 390 2604 de
418 2580 454 2603 re
482 2568 669 2604 Ciceronis
697 2576 731 2602 et
758 2579 785 2602 s.
815 2566 1009 2612 Augustini
1037 2563 1245 2601 testimonia
1271 2561 1498 2596 adduximus.

349 2628 405 2671 (2)
431 2628 541 2663 Cont.
573 2636 670 2673 gent.
699 2626 720 2660 l.
739 2626 801 2660 ΙΙΙ.
821 2637 850 2661 c.
877 2636 950 2669 154.
969 2625 1013 2659 ab
1033 2624 1109 2659 init.
1128 2622 1184 2658 Cf.
1206 2623 1317 2658 etiam
1337 2630 1367 2656 2.
1389 2631 1420 2655 2.
1439 2631 1472 2666 q.
1499 2628 1573 2664 ¹72·
1594 2629 1625 2652 a.
1645 2625 1680 2652 2.
