1737 2802
657 120 893 174 -35-

59 217 192 263 cedit.
226 241 283 249 —
314 214 438 259 Adde
460 215 586 258 etiam
619 213 670 273 γ)
701 213 834 273 quod,
856 225 903 257 ut
934 213 1049 258 idem
1083 214 1222 271 arguit
1245 225 1392 257 auctor
1415 214 1491 270 (1),

62 307 93 331 -«
127 290 264 333 maius
299 287 459 330 malum
509 287 610 344 ipsis
659 287 786 329 etiam
840 286 999 344 iniquis
1031 298 1286 329 accresceret
1333 302 1384 329 ex
1432 285 1490 328 li-

81 361 215 405 centia
248 372 288 403 et
322 360 547 402 occasione
580 358 880 402 committendi
912 359 1108 416 graviora
1146 358 1317 401 scelera:
1362 374 1492 416 quare

61 433 216 476 caritas
251 432 340 489 ipsa
388 429 514 474 dictat
555 429 815 473 obviandum
849 446 941 474 esse
974 431 1017 473 in
1051 429 1190 473 radice
1223 429 1288 472 his
1323 430 1494 486 gravio-

77 504 195 548 ribus
219 503 418 562 periculis
442 504 706 560 iniquorum,
731 502 848 560 quod
872 502 989 546 aliter
1012 502 1102 546 fieri
1126 517 1213 545 non
1237 514 1392 560 potest,
1415 502 1496 545 nisi

79 577 234 629 sciant,
267 574 379 618 licite
411 590 538 633 posse
571 573 620 617 ab
654 575 808 617 iniuste
832 575 990 617 invasis
1022 573 1199 617 interfici
1233 572 1288 616 ob
1320 573 1495 616 tutelam

60 645 112 692 ⁴ei:
148 646 446 691 defensionem
479 647 700 703 propriam
734 664 773 688 ».

147 738 151 743 ·
194 719 294 761 Dixi
332 718 409 774 2⁰.)
443 733 742 775 possessorem
775 718 878 760 iuris
911 718 954 760 in
988 733 1034 760 ea
1065 718 1107 760 vi
1130 717 1368 761 adhibenda
1391 732 1496 775 pos-

63 805 117 833 se
150 791 277 833 etiam
312 790 537 841 damnum,
573 791 606 833 si
641 790 724 833 hoc
756 806 928 833 necesse
961 790 1029 846 sit,
1055 790 1216 833 iniusto
1254 789 1496 847 aggressori

63 859 237 905 inferre.
272 886 328 894 —
362 862 459 905 Hoc
492 873 633 903 autem
668 873 782 919 patet
814 876 961 904 rursus
996 862 1043 918 α)
1081 877 1130 904 ex
1165 862 1354 904 unanimi
1371 859 1499 917 legis-

71 931 293 986 latorum,
342 933 628 990 omniumque
684 933 913 975 hominum
963 948 1189 986 consensu,
1233 933 1306 991 qui
1344 931 1501 975 scilicet

69 1003 159 1048 hoc
190 1017 313 1062 pacto
348 1020 438 1048 rem
473 1003 716 1060 intelligunt
752 1016 792 1046 et
831 1004 1058 1061 explicant,
1081 1005 1107 1047 i.
1133 1021 1168 1048 e.
1193 1005 1247 1046 ita
1269 1005 1359 1047 vim
1382 1002 1499 1047 adhi-

80 1074 169 1119 beri
200 1091 346 1133 posse,
381 1087 427 1118 ut
461 1075 667 1118 damnum
700 1076 825 1118 etiarn
862 1077 1023 1120 iniusto
1057 1077 1299 1133 aggressori
1342 1076 1500 1126 infera-

63 1158 154 1192 tur.
188 1173 246 1181 —
277 1149 397 1191 Patet
414 1146 480 1207 νβ)
513 1164 565 1192 ex
599 1165 650 1192 eo
683 1148 799 1207 quod
833 1149 906 1191 vix
941 1165 1148 1207 umquam
1182 1151 1246 1192 vis
1280 1150 1320 1193 vi
1345 1148 1499 1207 repelli

77 1231 223 1277 potest
258 1218 417 1277 absque
452 1219 610 1262 damno
644 1220 909 1276 aggressoris
958 1220 1128 1262 iniusti:
1163 1219 1276 1264 unde
1307 1219 1421 1263 nulla
1463 1223 1504 1263 et

70 1290 264 1334 irrisoria
300 1302 412 1333 esset
444 1290 549 1347 legis
584 1290 782 1333 naturalis
817 1285 1052 1344 concessio,
1076 1292 1110 1333 si
1135 1292 1177 1334 in
1201 1293 1242 1334 vi
1265 1290 1503 1335 adhibenda

89 1361 295 1404 damnum
330 1363 573 1419 aggressori
606 1361 758 1404 inferre
806 1377 893 1404 non
942 1361 1101 1406 liceret.
1133 1389 1191 1395 ——
1223 1363 1344 1406 Patet
1375 1365 1421 1422 γ)
1455 1379 1505 1406 ex

75 1447 137 1475 -eo
169 1431 286 1490 quod
320 1431 386 1475 lex
419 1433 636 1490 naturalis,
670 1449 776 1491 quae
810 1446 873 1476 est
905 1433 969 1476 lex
1017 1433 1172 1486 divina,
1220 1435 1369 1491 nequit
1415 1449 1505 1477 non

72 1519 173 1561 esse
206 1505 392 1547 maxime
426 1520 557 1562 aequa
590 1518 630 1548 et
673 1520 848 1548 summo
892 1506 932 1548 in
968 1505 1101 1562 gradu
1136 1505 1410 1567 rationabilis.
1443 1507 1506 1549 Ex

76 1575 166 1619 hoc
197 1575 359 1619 scilicet
393 1577 602 1634 principio
637 1577 697 1619 sic
721 1577 955 1633 arguimus,
983 1576 1174 1630 Quando
1197 1576 1300 1621 alter
1320 1593 1396 1635 per
1416 1578 1506 1621 vim

84 1647 150 1690 ius
183 1646 355 1690 alterius
388 1643 570 1705 impetit,
603 1663 681 1690 nec
714 1649 804 1690 eius
837 1649 1059 1705 aggressio
1092 1659 1235 1706 potest
1265 1649 1306 1690 vi
1329 1648 1507 1707 propul-

74 1719 177 1775 sari,
202 1719 304 1776 quin
328 1718 365 1761 ei
390 1717 597 1761 damnum
622 1717 840 1774 inferatur,
859 1731 1043 1776 oportet,
1067 1731 1112 1762 ut
1137 1717 1338 1762 alteruter
1360 1718 1508 1763 subeat

92 1790 315 1846 damnum,
339 1803 408 1833 aut
430 1791 614 1834 iniustus
648 1791 752 1833 iuris
785 1805 1013 1848 aggressor
1047 1803 1117 1833 aut
1151 1790 1351 1849 pacificus
1376 1804 1416 1834 et
1446 1792 1508 1834 in-

90 1876 251 1906 nocens
286 1863 390 1905 iuris
413 1877 651 1920 possessor.
685 1863 816 1920 Atqui
850 1877 902 1905 ex
931 1861 996 1904 his
1032 1861 1199 1905 duobus
1233 1878 1417 1920 aequum
1444 1876 1508 1906 est

21 1965 24 1969 ›
77 1946 124 1978 et
156 1933 417 1988 rationabile,
451 1947 499 1977 ut
531 1933 738 1977 damnum
771 1933 916 1977 subeat
959 1935 1104 1992 potius
1151 1935 1340 1992 iniquu5‚
1377 1949 1507 1992 quam

87 2006 308 2063 innocens,
341 2007 502 2064 potiuS,
533 2007 723 2063 inquam,
749 2005 815 2051 ille
847 2007 921 2063 qui
945 2021 1067 2049 causa
1091 2018 1153 2048 est
1177 2018 1217 2048 et
1240 2005 1415 2063 quidem
1439 2007 1508 2049 in-

90 2077 202 2120 iusta
221 2077 443 2137 conflictus
461 2076 728 2129 huiusmodi,
750 2078 793 2120 in
817 2093 903 2134 quo
922 2076 1121 2120 alteruter
1140 2076 1346 2119 damnum
1364 2076 1512 2120 subeat

90 2163 262 2191 necesse
285 2160 359 2192 est.
380 2149 494 2205 Ergo
518 2147 747 2191 dicendum
770 2161 833 2191 est
850 2147 990 2205 legem
1009 2147 1244 2191 naturalem
1268 2147 1310 2191 id
1328 2148 1510 2191 omnino
1570 2165 1571 2169 ¹

83 2218 334 2263 concedere.
370 2219 413 2263 Si
448 2219 491 2261 id
524 2217 590 2262 lex
623 2218 825 2262 naturalis
865 2231 1044 2271 vetaret,
1078 2234 1377 2276 aggressorem
1411 2218 1512 2261 dili—

174 2513 231 2558 (1)
258 2512 296 2547 L.
325 2513 382 2547 cit.
409 2524 509 2547 num.
545 2522 618 2556 143.
637 2512 708 2547 Ubi
735 2523 776 2546 ex
795 2522 838 2546 eo
860 2512 968 2546 etiam
995 2511 1121 2558 arguit,
1140 2510 1235 2557 quod
1256 2521 1359 2544 secus
1377 2508 1507 2544 omnia

24 2601 38 2611 ,
79 2573 190 2608 etiam
215 2571 309 2606 bella
336 2570 521 2606 defensiva
548 2580 665 2606 essent
691 2571 831 2606 iniusta.
