1737 2802
643 104 909 146 „141-

36 171 169 243 ¹Lex,
201 197 249 228 ut
279 184 472 228 vidimus
518 183 600 242 (1),
633 183 790 242 duplici
841 183 976 228 modo
1023 183 1176 228 auferri
1224 197 1367 242 potest
1421 200 1493 230 aut

64 255 274 314 desinere,
306 257 332 299 i.
366 272 401 299 e.
435 255 503 299 vel
533 254 584 298 ab
619 257 830 299 intrinseco
863 255 934 299 vel
954 255 1005 299 ab
1029 257 1261 300 extrinseco.
1286 257 1493 302 Similiter

62 340 233 385 votum,
265 326 384 386 quod
418 343 517 371 cum
547 326 643 384 lege
676 328 915 385 comparari
948 327 1056 371 solet
1105 343 1150 371 ac
1198 330 1360 386 passim
1409 329 1492 373 dici

64 399 180 443 iuxta
211 414 387 443 sensum
414 398 549 442 modo
583 398 839 456 explicatum
862 399 927 442 lex
952 398 1162 457 quaedam
1194 399 1384 443 hominis
1406 403 1492 460 pri—

62 484 172 525 vata,
205 484 347 530 potest
380 470 539 529 duplici
572 483 694 528 pacto
728 470 819 513 tolli
853 483 924 513 aut
957 486 1136 527 cessare,
1168 472 1194 515 i.
1219 488 1254 514 e.
1278 472 1345 516 vel
1377 489 1423 516 ex
1453 489 1492 518 se

63 559 138 587 seu
171 543 224 587 ab
257 545 467 587 intrinseco
499 542 565 586 vel
596 542 763 586 aliunde
796 558 870 586 seu
903 543 953 586 ab
986 545 1218 588 extrinseco.

184 615 336 659 Cessat
368 630 416 658 ex
448 630 486 658 se
518 614 584 657 vel
617 627 792 672 propter
812 615 1094 658 cessationem
1118 615 1363 674 principalis
1387 633 1491 661 mo-

64 687 139 730 tivi
186 702 262 729 seu
309 685 405 729 finis
453 687 557 742 voti,
589 686 654 730 vel
697 699 871 744 propter
919 685 1242 730 substantialem
1290 691 1492 734 materiae

63 759 366 814 mutationem,
398 757 464 800 vel
497 770 673 815 propter
714 756 1107 815 impossibilitatem
1142 758 1364 816 physicam
1414 774 1488 805 aut

64 828 289 872 moralem.
325 829 386 872 Ut
418 828 663 886 exemplum
697 828 869 886 aliquod
902 828 1144 886 afferamus,
1172 831 1243 888 qui
1278 846 1313 874 e.
1347 847 1389 888 g.
1414 847 1491 875 vo-

62 902 123 945 vit
155 900 476 958 eleemosynam
515 916 593 958 pro
640 899 716 943 filii
765 901 942 944 sanitate
990 901 1270 958 impetranda,
1318 902 1491 947 deobli-

62 982 202 1028 gatur,
235 971 270 1013 si
303 968 415 1012 filius
449 969 636 1014 decedat:
670 971 775 1013 item
809 971 882 1028 qui
913 971 1031 1014 vovit
1066 972 1254 1015 ieiunare
1287 973 1359 1016 tali
1409 973 1490 1018 de-

61 1043 286 1086 terminata
305 1041 383 1094 die,
407 1040 692 1098 deobligatur‚
717 1042 751 1084 si
776 1056 822 1084 ea
846 1041 912 1084 die
934 1042 976 1085 in
1000 1041 1204 1085 morbum
1237 1043 1410 1088 incidat.

183 1114 331 1158 Cessat
353 1126 497 1156 autem
521 1113 686 1156 aliunde.
709 1113 774 1156 vel
799 1129 873 1170 per
894 1114 1181 1171 irritationem,
1197 1114 1264 1158 vel
1282 1131 1356 1173 per
1378 1131 1490 1159 com-

62 1187 341 1242 mutationem,
359 1184 424 1228 vel
442 1201 516 1243 per
537 1185 886 1242 dispensationem.
906 1185 1045 1228 Pauca
1062 1185 1198 1229 dicam
1219 1186 1269 1229 de
1293 1188 1488 1245 singulis.

63 1258 116 1316 α)
137 1258 324 1301 Irritatio
358 1257 636 1314 distinguitur
669 1256 843 1314 duplex,
867 1273 1022 1314 nempe
1045 1257 1191 1301 directa
1215 1271 1255 1301 et
1279 1259 1488 1304 indirecta.

62 1330 235 1373 Directa
265 1342 329 1371 est
360 1329 590 1371 annullatio
632 1329 722 1371 voti
756 1327 862 1370 facta
909 1327 958 1370 ab
1006 1343 1057 1371 eo
1106 1327 1165 1386 (e.
1198 1344 1238 1386 g.
1273 1345 1294 1372 a
1338 1334 1486 1389 patre),

62 1401 183 1444 cuius
216 1400 417 1457 potestati
451 1398 595 1442 subest
628 1398 825 1441 voluntas
849 1400 1044 1441 voventis
1081 1400 1134 1453 (e.
1169 1415 1207 1456 g.
1243 1398 1315 1442 filii
1349 1402 1470 1459 impu

60 1471 214 1528 beris):
247 1471 406 1514 scilicet
440 1472 481 1512 in
514 1471 626 1513 votis
660 1485 829 1525 eorum,
862 1484 1050 1527 quorum
1083 1470 1281 1513 voluntas
1316 1484 1379 1514 est
1424 1471 1488 1514 al-

61 1544 191 1587 terius
224 1542 426 1600 potestati
460 1540 661 1597 subiecta,
695 1541 834 1585 debita
867 1541 972 1584 haec
1005 1540 1343 1599 subintelligitur
1383 1558 1491 1586 con-

61 1615 182 1673 ditio,
214 1615 249 1657 si
283 1613 342 1657 illi
375 1613 494 1657 alteri
528 1612 732 1671 placuerit
764 1613 828 1656 vel
863 1614 897 1655 si
932 1612 1000 1656 ille
1028 1612 1131 1656 alter
1156 1629 1243 1657 non
1268 1612 1488 1660 renitatur.

59 1686 268 1731 Indirecta
301 1698 364 1729 est
395 1686 598 1743 suspensio
631 1686 720 1728 voti
753 1684 859 1728 facta
892 1684 941 1728 ab
974 1700 1026 1728 eo
1059 1686 1115 1741 (e.
1149 1702 1190 1744 g.
1213 1703 1235 1729 a
1272 1685 1490 1745 domino),

60 1759 182 1803 cuius
215 1758 414 1816 potestati
447 1756 636 1800 subiacet
670 1759 842 1800 materia
874 1757 964 1800 voti
999 1759 1051 1813 (e.
1085 1773 1124 1814 g.
1161 1773 1290 1815 opera
1333 1759 1489 1816 servi):

61 1830 221 1874 scilicet
254 1831 297 1872 in
328 1830 441 1872 votis
476 1828 528 1872 de
560 1843 619 1881 re,
660 1843 767 1886 quae
814 1828 983 1871 alterius
1033 1830 1236 1886 potestati
1286 1828 1488 1886 subiacet,

60 1902 184 1945 tacita
216 1899 318 1943 haec
351 1898 603 1943 subauditur
636 1898 842 1955 conditio,
875 1899 911 1940 si
945 1897 1002 1940 illi
1036 1898 1174 1951 alteri,
1210 1900 1283 1957 qui
1316 1900 1358 1942 in
1392 1914 1486 1943 eam

61 1987 153 2016 rem
185 1972 251 2014 ius
285 1970 426 2023 habet,
461 1970 664 2027 placuerit
710 1968 776 2012 vel
824 1970 858 2011 si
906 1968 975 2012 ille
1022 1968 1127 2012 alter
1171 1984 1260 2012 non
1310 1982 1487 2013 contra-

63 2042 185 2087 dicat.
219 2042 388 2086 Etenim
423 2057 474 2085 ex
505 2040 600 2099 lege
633 2054 806 2084 naturae
844 2055 974 2083 nemo
1023 2053 1165 2099 potest
1213 2041 1334 2084 alicui
1388 2057 1488 2098 pro-

64 2114 234 2157 mittere
266 2112 423 2172 aliquid
455 2114 495 2156 in
545 2112 853 2171 praeiudicium
902 2113 1026 2156 tertii.
1076 2111 1133 2171 β)
1183 2113 1486 2157 Commutatio

63 2185 153 2228 voti
195 2197 258 2228 est
304 2184 554 2228 substitutio
601 2183 771 2227 alterius
820 2183 962 2241 operis
1012 2182 1182 2226 honesti
1231 2183 1329 2226 loco
1379 2184 1487 2241 eius,

61 2255 180 2314 quod
213 2257 479 2313 promissum
502 2268 605 2312 erat,
637 2255 714 2299 sub
737 2255 886 2299 eadem
911 2253 1184 2311 obligatione.
1210 2255 1318 2298 Fieri
1340 2267 1484 2298 autem

62 2339 207 2385 potest
238 2325 474 2385 tripliciter,
515 2326 583 2369 vel
626 2327 668 2370 in
715 2326 880 2370 bonum
928 2327 1076 2383 maius,
1121 2325 1187 2369 vel
1230 2327 1274 2369 in
1322 2324 1488 2368 bonum

158 2547 216 2592 (ι)
239 2545 298 2582 Cf.
322 2558 441 2593 super.
468 2546 541 2581 vol.
568 2515 703 2582 I.tl1es.
728 2545 897 2586 XXXVI.
915 2556 999 2592 pag.
1017 2544 1109 2591 298.‚
1126 2545 1218 2581 thes.
1239 2545 1278 2580 L.
1300 2556 1380 2591 pag.
1402 2553 1486 2590 395.
