1737 2802
573 429 821 482 CAPUT
865 431 931 487 ΙΙ.

218 575 283 611 DE
311 574 503 610 IURIBUS
530 574 841 618 OFFICIISQUE
870 573 1285 610 INDIVIDUALIBUS.

548 777 895 823 ARTICULUS
928 778 960 821 I.

315 920 386 963 De
418 919 594 963 officiis
624 921 842 964 hominis
874 932 994 974 erga
1026 920 1199 963 Deum.

164 1075 230 1107 22.
265 1061 396 1106 Nulla
429 1077 527 1106 sane
575 1061 620 1105 fit
653 1063 847 1121 quaestio
895 1062 946 1106 de
980 1063 1140 1107 iuribus
1185 1079 1277 1121 erga
1311 1064 1466 1120 Deum,

46 1149 153 1193 quae
186 1132 362 1186 scilicet,
396 1146 441 1176 ut
474 1133 600 1192 paulo
635 1146 730 1177 ante
763 1133 834 1192 (1)
868 1134 1074 1188 diximus,
1110 1150 1189 1178 nec
1215 1134 1368 1179 dantur
1390 1151 1469 1179 nec

48 1207 134 1250 dari
169 1206 256 1249 ullo
291 1218 640 1264 pactopossunt.
674 1206 822 1263 Itaque
855 1207 1051 1264 quaestio
1080 1219 1143 1249 est
1166 1207 1470 1251 tantummodo

47 1279 98 1322 de
130 1277 282 1336 officiis,
315 1276 469 1335 quibus
518 1290 707 1321 creatura
754 1278 996 1336 intelligens
1046 1279 1142 1322 Deo
1175 1279 1354 1322 creatori
1387 1295 1470 1324 suo

46 1365 92 1393 ac
124 1364 330 1407 supremo
363 1347 640 1406 gubernatori
674 1348 969 1406 adstringitur.

166 1434 233 1478 23.
269 1421 386 1464 Haec
420 1432 563 1463 autem
597 1436 697 1478 erga
729 1421 873 1464 Deum
910 1419 1049 1464 officia
1072 1420 1253 1480 duplicis
1277 1433 1377 1465 sunt
1399 1438 1475 1480 ge-

47 1493 177 1548 neris,
212 1492 420 1535 nimirum
454 1491 733 1535 individualia
768 1504 808 1535 et
841 1493 1021 1536 socialia.
1055 1493 1206 1536 Priora
1238 1505 1338 1536 sunt
1371 1509 1474 1538 mo-

48 1565 149 1610 ralia
181 1563 248 1609 illa
280 1579 380 1622 erga
413 1565 556 1607 Deum
591 1563 746 1622 debita,
769 1579 958 1622 quorum
983 1564 1226 1609 subiectum
1248 1577 1312 1609 est
1335 1565 1471 1609 homo

49 1636 169 1695 isque
201 1636 418 1694 inspectus
451 1648 497 1678 ut
530 1634 802 1679 individuum
846 1648 910 1679 est
942 1651 1016 1679 seu
1051 1651 1232 1694 persona
1273 1636 1472 1695 physica:

49 1707 177 1752 altera
208 1722 310 1751 vero
343 1719 443 1750 sunt
476 1723 523 1750 ea
556 1707 735 1750 moralia
768 1706 905 1751 debita
939 1723 1039 1765 erga
1081 1708 1242 1766 Deum,
1285 1724 1473 1767 quorum

50 1780 276 1839 proprium
310 1778 549 1823 subiectum
599 1792 661 1822 est
695 1778 881 1822 humana
930 1780 1125 1836 societas,
1168 1797 1203 1825 e.
1238 1795 1281 1838 g.
1315 1780 1474 1825 familia

49 1851 116 1895 vel
150 1851 312 1908 civitas,
344 1849 582 1894 formaliter
617 1851 819 1908 inspecta,
852 1866 934 1908 qua
967 1850 1062 1894 talis
1081 1851 1159 1908 (2).
1181 1852 1335 1910 Neque
1356 1853 1474 1896 enim

51 1922 263 1966 humanae
296 1923 540 1977 societates,
576 1921 735 1965 familia
769 1916 1020 1980 praesertim
1055 1936 1096 1967 et
1130 1924 1362 1982 civitas,'ut
1394 1940 1476 1969 suo

52 1993 150 2038 loco
183 1993 478 2051 ostendemus,
510 1994 654 2037 minus
688 2009 816 2052 quam
852 1994 1084 2048 individua,
1108 2006 1307 2039 tenentur
1329 1997 1475 2041 Deum

53 2079 179 2108 suum
212 2066 472 2124 principium
504 2065 722 2124 finemque
755 2065 956 2109 ultimum
990 2068 1186 2112 revereri.
1222 2094 1275 2100 --
1309 2069 1359 2112 In
1393 2068 1477 2113 hoc

55 2135 196 2195 itaque
228 2137 407 2181 articulo
440 2150 608 2181 tantum
643 2136 696 2181 de
729 2137 1062 2183 individualibus
1095 2154 1169 2183 seu
1195 2140 1369 2198 privatis
1402 2140 1480 2184 ho-

149 2355 203 2401 (1)
231 2355 289 2391 Cf.
314 2356 405 2392 thes.
432 2357 495 2393 IV.
534 2369 617 2404 pag,
657 2357 714 2393 61.
741 2377 784 2383 —
812 2358 924 2402 Deus,
964 2367 1091 2405 utpote
1129 2370 1320 2406 supremus
1357 2371 1479 2396 rerum

54 2417 223 2450 omnium
250 2426 394 2452 creator
421 2418 528 2452 simul
556 2427 589 2453 et
627 2419 856 2464 gubernator,
882 2430 957 2454 non
996 2420 1184 2455 subiicitur
1210 2419 1273 2455 ulli
1314 2419 1397 2467 legi,
1423 2420 1487 2456 sed

55 2483 109 2510 est
132 2475 207 2522 ipsa
233 2475 288 2510 lex
314 2476 533 2512 distribuens
561 2478 646 2520 iura,
673 2478 867 2524 imponens
894 2479 1024 2514 officia.

151 2534 209 2580 (2)
233 2535 351 2570 Simili
379 2545 486 2581 pacto
514 2537 599 2580 iura,
626 2547 669 2572 ex
696 2547 795 2583 parte
819 2537 970 2583 subiecti,
996 2536 1223 2573 distinximus
1250 2541 1286 2574 in
1317 2539 1392 2574 iura
1428 2538 1485 2573 in·

60 2591 252 2629 dividualia
280 2604 315 2631 et
341 2596 498 2631 socialia:
529 2596 609 2632 vide
634 2596 714 2632 thes
741 2597 786 2633 11.
817 2609 898 2645 pag.
927 2606 984 2643 37.
