1737 2802
668 161 728 168 -
762 148 846 191 229
881 159 940 168 ..

90 230 239 275 volens
272 229 316 274 id
347 229 457 275 facit.
481 255 539 264 —
576 230 696 277 Cone.
723 240 809 276 ant.
846 244 886 274 et
921 232 1012 276 dist.
1036 246 1140 276 cons.
1165 230 1405 275 Suicidium
1440 246 1516 289 per

88 303 459 359 comparationem
493 302 543 345 ad
567 304 922 347 communitatem
951 315 992 347 et
1016 305 1265 361 praesertim
1291 303 1343 347 ad
1366 305 1513 348 Deum

91 388 181 418 non
213 387 276 418 est
308 375 461 418 iniuria
493 374 559 418 vel
592 376 798 419 iniustitia
830 392 939 433 nego,
962 391 1037 434 per
1062 377 1430 434 comparationem
1464 376 1516 420 ad

90 444 214 490 illum
246 446 389 505 ipsum
424 447 497 505 qui
529 462 574 490 se
609 447 808 490 interficit
843 457 973 492 trans.

211 517 304 561 Hac
336 516 388 561 de
422 534 466 561 re
499 519 554 561 ita
586 535 618 562 s.
654 518 853 563 Thomas
888 518 974 578 (1).·
1015 537 1035 560 «
1058 519 1300 563 Suicidium
1334 532 1398 563 est
1421 535 1518 577 pec-

94 603 254 648 catum,
287 606 375 634 non
408 591 552 634 solum
587 591 685 649 quia
720 591 999 634 contrariatur
1038 591 1237 644 iustitiae,
1271 591 1346 634 sed
1389 591 1516 634 etiam

89 663 192 722 quia
227 664 508 706 contrariatur
544 663 718 716 caritati,
753 678 881 720 quam
916 661 1067 706 habere
1102 661 1225 706 debet
1272 663 1422 721 aliquis
1465 662 1517 707 ad

90 734 297 792 seipsum.
333 734 385 777 Et
419 749 470 777 ex
504 733 580 776 hac
613 746 728 792 parte
761 735 921 777 occisio
954 735 1155 792 suiipsius
1188 747 1251 777 est
1294 746 1515 792 peccatum

90 821 167 865 per
201 806 566 863 comparationem
602 805 654 849 ad
687 806 892 863 seipsum.
926 807 1006 849 Per
1041 807 1407 863 comparationem
1442 822 1514 849 au-

88 889 180 921 tem
212 875 264 921 ad
298 877 658 920 communitatem
691 891 731 920 et
755 877 806 920 ad
830 878 991 932 Deum,
1018 876 1141 920 habet
1174 878 1385 921 rationem
1413 893 1516 936 pec-

89 950 186 1005 cati,
232 950 360 992 etiam
411 965 484 1006 per
532 950 858 1007 oppositionem
912 948 963 993 ad
1011 950 1274 993 iustitiam.»
1315 976 1371 983 —
1404 952 1516 1007 Apte

88 1023 219 1066 etiam
267 1020 524 1065 Aristoteles
559 1020 642 1080 (2).
673 1021 719 1064 Ο
755 1017 797 1065 δὲ
832 1017 883 1065 δι’
925 1020 1060 1083 ὀργὴν
1109 1019 1264 1064 ἑαυτὸν
1313 1020 1515 1081 apamia

94 1092 204 1138 ἑκὼν
238 1097 365 1136 τοῦτο
400 1090 485 1154 ὅσα
510 1090 633 1154 παρὰ
667 1090 782 1135 τὸν
763 1091 890 1155 δοθὲν
927 1090 1119 1151 filsea&
1147 1091 1227 1135 σῦκ
1249 1092 1297 1154 ἐξ),
1320 1091 1340 1135 ὁ
1364 1091 1516 1152 νόαος·

93 1162 240 1210 ἀδικεῖ
267 1161 369 1226 ἄρα.
403 1139 545 1207 ’Amc
577 1163 687 1215 rivae
721 1163 747 1216 ἦ
782 1162 864 1215 τὴν
900 1160 1039 1214 πὸὶιν,
1076 1163 1210 1208 αὑτὸν
1249 1162 1517 1221 3’01'5;(1lii

91 1237 233 1295 legere
282 1236 473 1289 mallent,
507 1238 532 1287 r]
568 1235 648 1287 τὴν
684 1235 821 1289 πόὶιν
874 1235 1008 1279 αὑτὸν
1058 1233 1096 1281 3²
1118 1235 1206 1296 οὔ.)
1249 1236 1386 1280 ‘Exim
1429 1235 1516 1298 γὰρ

92 1307 270 1369 πάσχει,
306 1304 522 1352 ἀδικεῖται
556 1305 594 1352 δ’
615 1304 752 1360 οὐθεὶς
785 1306 906 1352 ἑκών.
933 1306 1004 1351 Διὸ
1038 1304 1113 1352 καὶ
1147 1309 1172 1360 ἡ
1207 1305 1330 1361 πόλις
1364 1309 1523 1368 ζημιοῖ

97 1380 178 1424 καί
207 1395 271 1432 τις
306 1377 469 1438 ἀτιμία
503 1377 704 1444 πρόσεστι
738 1384 795 1438 τῷ
829 1378 984 1423 ἑαυτὸν
1019 1375 1318 1441 διαφθείραντι
1346 1379 1403 1433 ὥς
1435 1380 1516 1433 τὴν

91 1449 221 1496 πόλιν
257 1448 499 1495 ἂόικσῦντι.
552 1452 643 1505 Qui
692 1467 794 1495 vero
834 1467 906 1509 per
953 1452 1058 1495 iram
1106 1453 1297 1510 seipsum
1347 1465 1516 1506 mactat,

90 1523 240 1568 volens
272 1524 342 1567 hoc
374 1536 508 1581 patrat
543 1536 690 1566 contra
723 1536 881 1566 rectam
926 1524 1152 1580 rationem,
1183 1524 1292 1582 quod
1338 1524 1516 1567 minime

90 1596 301 1657 permittit
333 1595 417 1640 lex:
452 1596 582 1652 igitur
613 1596 814 1639 iniuriam
848 1595 958 1638 facit.
994 1595 1079 1640 Sed
1127 1596 1228 1639 cui?
1259 1596 1379 1640 Num
1428 1596 1516 1639 rei-

90 1666 298 1728 publicae,
331 1681 417 1710 nou
467 1680 610 1710 autem
644 1666 754 1710 sibi?
802 1666 904 1725 (vel,
951 1676 994 1710 ut
1042 1667 1118 1710 alii
1164 1668 1284 1725 legere
1332 1667 1515 1722 mallent,

89 1756 245 1798 nempe
279 1739 549 1797 reipublicae,
583 1755 669 1782 non
703 1753 805 1782 vero
839 1738 953 1798 sibi.)
987 1739 1151 1783 Volens
1187 1740 1302 1782 enim
1344 1739 1516 1798 patitur,

91 1813 254 1857 nemini
287 1825 429 1855 autem
462 1810 624 1854 volenti
658 1812 810 1854 iniuria
842 1809 901 1854 fit.
950 1812 1226 1869 Quaproptet
1260 1823 1300 1853 et
1343 1811 1518 1868 Respu-

89 1884 198 1929 blica
231 1899 413 1942 poenam
450 1884 629 1939 irrogat,
665 1895 705 1925 et
739 1882 947 1940 quaedam
982 1881 1153 1925 infamia
1186 1884 1379 1940 sequitur
1401 1897 1517 1940 eum,

89 1958 165 2016 qui
197 1956 389 2014 seipsum
424 1954 645 2003 interfecit,
683 1969 780 1996 cum
813 1952 1084 2011 Reipublicae
1117 1953 1318 1996 iniuriam
1353 1952 1485 1997 faciat.

211 2033 252 2088 γ)
285 2029 382 2072 Vita
419 2040 481 2070 est
516 2026 681 2069 donum
715 2041 789 2068 seu
825 2025 1093 2069 beneficium.
1117 2026 1249 2084 Atqui
1281 2040 1516 2088 possumus

93 2100 336 2144 renuntiare
370 2097 600 2141 beneficiis.
626 2097 743 2154 Ergo
779 2112 1011 2155 possumus
1045 2097 1288 2140 renuntiare
1311 2098 1436 2141 vitae.
1466 2098 1518 2141 Et

93 2187 193 2215 sane
227 2169 366 2226 multi,
400 2171 471 2227 qui
508 2168 549 2212 id
584 2167 788 2225 fecerunt,
812 2182 897 2211 non
933 2167 1091 2211 idcirco
1127 2168 1516 2226 reprehenduntur.

93 2269 146 2276 —
185 2243 292 2286 Dist.
328 2242 423 2285 mai.
458 2242 554 2284 Vita
590 2254 653 2283 est
687 2239 960 2291 beneficium,
985 2240 1040 2282 ita
1073 2252 1217 2282 tamen
1243 2255 1517 2297 concessum,

94 2326 141 2359 ut
162 2312 403 2358 benefactor
421 2313 541 2356 Deus
569 2311 791 2354 arbitrium
816 2312 949 2369 ipsius
974 2327 1062 2354 non
1085 2311 1304 2370 reliquerit
1331 2311 1518 2368 homini,

93 2385 171 2431 sed
203 2383 508 2429 tantummodo
542 2399 672 2427 usum
707 2382 872 2427 dederit
905 2398 1028 2436 conc„
1064 2398 1186 2426 secus
1219 2399 1329 2440 nego.

191 2573 245 2617 (1)
271 2572 359 2607 Loc.
385 2572 442 2606 cit.
470 2570 512 2606 ad
546 2577 596 2605 1¹¹¹.

190 2631 247 2678 (2)
273 2631 389 2668 Ethic.
415 2631 436 2666 l.
464 2631 509 2666 V.
538 2641 568 2665 e.
601 2641 651 2665 11.
