1737 2802
821 108 1055 164 ..73—

222 203 303 246 sibi
335 202 548 245 vindicare
585 202 791 246 moralem
829 201 1114 260 eamdemque
1151 201 1442 246 inviolabilem
1471 214 1655 261 potesta-

222 288 323 318 tem.
360 273 574 331 Exemplo
609 275 694 317 sint
740 275 824 330 ius,
860 274 978 332 quod
1012 275 1154 319 Titius
1204 273 1343 328 habet,
1386 273 1532 318 utendi
1573 289 1654 318 suo

223 360 354 402 equo,
390 357 429 388 et
453 346 533 398 ius,
569 344 687 402 quod
721 345 852 389 Caius
888 344 1027 402 habet,
1076 346 1124 388 iis
1160 345 1305 389 utendi
1340 343 1513 400 mediis,
1547 360 1655 403 quae

219 428 321 459 sunt
355 417 669 459 conserwtioni
718 417 827 459 vitae
877 432 1053 474 prorsus
1102 418 1366 460 necessaria:
1413 414 1506 460 fieri
1538 417 1654 460 enim

220 499 378 545 potest,
397 500 442 529 ut
479 487 566 530 duo
602 486 703 530 haec
737 488 828 530 iura
862 503 912 530 ex
946 488 1151 545 opposito
1202 486 1331 530 simul
1381 499 1654 540 concurrant,

223 570 337 617 puta,
371 559 403 601 si
438 574 542 601 usus
576 558 688 601 illius
724 559 820 617 equi
856 558 922 601 hic
956 572 995 601 et
1030 574 1142 601 nunc
1176 560 1228 601 sit
1271 559 1395 612 Caio,
1429 573 1560 617 quem
1593 559 1655 602 si·
1704 570 1706 573 ’

221 630 360 672 carius
395 629 586 672 districto
620 631 810 688 pugione
838 631 1096 688 insequitur,
1131 629 1324 672 medium
1359 643 1439 688 pro
1472 644 1651 674 conser-

223 701 358 744 vanda
391 702 473 743 vita
512 717 689 759 prorsus
724 703 1027 745 necessarium.

351 774 406 816 II.
441 773 707 817 Huiusmodi
740 786 883 817 tamen
918 773 1140 817 conflictus
1187 789 1272 817 non
1308 785 1449 831 potest
1480 788 1503 816 a
1538 784 1655 831 parte

223 846 283 888 rei
317 860 438 888 vertas
473 860 582 898 esse,
606 844 680 887 sed
705 858 767 887 est
801 844 1108 888 tantummodo
1133 846 1266 888 menti
1304 854 1523 903 apparens.
1549 845 1654 889 Ete-

222 918 313 960 nim
348 933 398 959 ex
431 917 481 960 iis
517 916 685 960 duobus
720 916 884 959 iuribus
918 916 1169 959 alterutrum
1215 916 1373 974 absque
1417 910 1550 960 dubio
1602 917 1653 959 iis

223 989 268 1030 in
300 987 509 1030 adiunctis
524 989 564 1030 vi
585 1003 660 1030 sua
685 987 837 1031 morali
864 986 1126 1031 destituitur.
1153 989 1271 1045 Dixi,
1297 991 1345 1032 iis
1371 990 1412 1031 in
1434 988 1654 1032 adiunctis.

225 1060 340 1104 Nam
364 1075 542 1102 seorsum
560 1060 610 1102 ab
631 1060 723 1112 illis,
739 1076 813 1103 seu
839 1076 881 1102 re
903 1059 1083 1103 absolute
1107 1060 1392 1115 considerata,
1416 1074 1654 1118 utrumque

224 1133 290 1174 ius
314 1144 475 1188 perstat
499 1148 545 1174 ac
569 1132 686 1189 viget
721 1131 835 1190 (tum
873 1132 939 1174 ius
973 1132 1081 1174 Titii
1115 1132 1166 1175 ad
1199 1148 1326 1175 usum
1347 1133 1460 1190 equi,
1473 1144 1568 1175 tum
1590 1132 1656 1174 ius

226 1203 319 1247 Caii
352 1202 401 1246 ad
437 1219 563 1245 usum
600 1203 867 1258 mediorum,
905 1218 1010 1260 quae
1045 1218 1123 1260 pro
1169 1204 1496 1247 conservatione
1546 1203 1657 1246 vitae

225 1286 324 1317 sunt
356 1290 533 1331 prorsus
567 1274 841 1333 necessaria):
877 1291 920 1317 re
972 1287 1115 1317 tamen
1166 1277 1356 1333 inspecta
1403 1275 1570 1318 relative
1617 1286 1658 1318 et

225 1346 490 1403 dependenter
523 1346 573 1388 ab
609 1347 655 1389 iis
687 1346 906 1400 adiunctis,
925 1347 1180 1390 alterutrum
1216 1362 1338 1390 suam
1374 1362 1451 1405 pro
1485 1348 1537 1390 iis
1572 1347 1657 1390 cir-

226 1417 492 1459 cumstantiis
515 1418 604 1459 vim
629 1418 797 1471 amittit,
823 1431 862 1460 et
887 1417 1070 1476 proinde
1095 1418 1146 1461 ad
1169 1431 1340 1476 tempus
1365 1417 1507 1476 quoad
1540 1433 1657 1462 exer-

225 1489 374 1532 citium
409 1488 697 1546 suspenditur.
734 1514 790 1522 —
823 1490 873 1532 Et
907 1506 1008 1533 sane
1043 1491 1077 1533 si
1114 1505 1347 1548 utrumque
1386 1491 1452 1533 ius
1480 1491 1523 1534 in
1571 1491 1655 1535 illis

227 1562 356 1604 etiam
391 1560 600 1632 adiunctis
623 1560 799 1603 firmum
834 1562 1096 1619 persisteret,
1123 1575 1226 1605 tunc
1260 1561 1420 1605 scilicet
1445 1561 1513 1605 lex
1538 1561 1656 1605 daret

226 1631 357 1675 simul
390 1645 429 1674 et
464 1648 551 1675 non
585 1632 701 1675 daret
736 1645 995 1690 potestatem
1045 1634 1246 1691 exigendi
1293 1633 1472 1691 aliquid,
1508 1634 1657 1691 impo-

226 1718 345 1748 neret
378 1704 507 1747 simul
540 1718 580 1747 et
613 1719 699 1747 non
736 1706 978 1762 imponeret
1001 1705 1313 1762 obligationem
1337 1704 1498 1764 aliquid
1531 1720 1653 1763 prae-

226 1775 380 1829 standi,
415 1777 482 1818 lex
514 1791 669 1834 nempe
703 1776 1001 1819 irrationabilis
1036 1790 1147 1819 esset
1181 1793 1229 1819 ae
1264 1776 1521 1834 sibimetipsi
1545 1791 1655 1819 con-

226 1847 465 1891 tradiceret:
499 1847 565 1890 lex
598 1860 741 1890 autem
767 1847 1068 1891 irrationabilis
1094 1861 1134 1891 et
1171 1864 1320 1891 secum
1345 1842 1434 1906 ipsa
1459 1862 1656 1906 pugnans

227 1936 315 1963 non
350 1933 412 1962 est
444 1919 524 1963 lex.
559 1920 770 1978 Apposite
803 1920 1018 1977 Taparelli
1053 1920 1138 1979 (1):
1181 1911 1252 1963 «E
1287 1918 1555 1977 impossibile
1579 1917 1657 1962 che

227 1992 303 2034 clue
333 1993 462 2049 poteri
492 1991 655 2034 secondo
690 1992 850 2047 ragione
871 1992 990 2034 sieno
1014 1993 1282 2034 [initiamenta
1317 2008 1337 2034 e
1373 1998 1657 2048 contempora-

228 2071 430 2105 neamenle.
466 2063 679 2115 contrarii,
716 2063 828 2105 ossia
864 2061 940 2105 che
974 2062 1010 2104 la
1034 2064 1211 2119 ragione
1246 2062 1350 2105 detti
1376 2059 1442 2104 all’
1465 2075 1551 2103 uno
1581 2059 1658 2102 che

229 2134 311 2190 egli
344 2135 393 2177 lm
429 2134 482 2177 Aa
517 2137 686 2177 riceverc
719 2150 740 2176 e
776 2135 957 2177 insieme
993 2133 1068 2177 che
1104 2134 1208 2177 detti
1242 2133 1307 2176 all’
1328 2133 1431 2176 altro
1467 2130 1545 2175 che
1577 2146 1658 2174 nen

227 2206 293 2248 dee
327 2206 433 2249 dem:
451 2223 472 2248 »
507 2219 623 2263 puta,
650 2219 696 2248 ut
720 2207 921 2248 sistamus
945 2206 988 2247 in
1012 2205 1212 2262 exemplo
1252 2206 1334 2248 iam
1359 2203 1502 2258 allato,
1538 2200 1658 2260 quod

228 2276 357 2320 dictet
392 2278 514 2329 Caio,
552 2294 594 2320 se
628 2278 678 2319 iis
713 2278 754 2320 in
788 2276 997 2320 adiunctis
1033 2276 1184 2319 habere
1219 2275 1428 2319 moralem
1462 2285 1658 2332 potesta-

226 2360 314 2391 tem
348 2348 542 2405 exigendi
577 2365 597 2391 a
631 2349 754 2391 Titio
803 2363 930 2390 usum
965 2349 1077 2405 equi,
1111 2347 1326 2405 simulque
1362 2345 1490 2389 dictet
1513 2343 1656 2394 Titio,

323 2562 376 2608 (1)
401 2563 526 2609 Stzggio
554 2567 670 2598 teor-et.
697 2563 876 2598 dissei-taz.
904 2562 945 2597 11.
974 2574 1052 2608 cap.
1086 2571 1115 2606 3.
1144 2574 1244 2598 num.
1273 2561 1350 2608 361.
