1737 2802
769 86 835 92 ,-
871 74 952 116 213
988 85 1046 93 ..

319 156 352 200 Ι.
387 156 586 213 Systema
609 155 659 199 de
681 156 932 199 autonomia
966 157 1008 199 in
1031 155 1206 213 negotio
1230 155 1449 213 religionis
1487 175 1509 197 «
1529 158 1624 200 cui-

199 243 285 286 que
337 226 519 280 homini‚
572 227 628 270 ita
681 226 896 270 exitialem
951 227 1064 270 hunc
1116 242 1303 270 errorem
1361 227 1625 272 denuntiavit

202 299 246 344 S.
280 298 481 342 Pontifex
516 300 617 342 Pius
651 300 728 343 IX.
764 299 844 358 (1),
878 298 1096 357 quoddam
1128 299 1259 343 veluti
1283 300 1535 358 primarium
1557 301 1624 344 ius

198 370 360 424 tribuit,
385 386 439 414 ex
463 386 549 428 quo
584 372 721 428 possit
754 370 882 414 libere
908 370 958 413 de
982 370 1191 428 religione
1215 371 1403 428 cogitare
1427 383 1466 414 et
1490 371 1623 430 loqui,

200 457 389 500 eumque
412 443 509 485 Deo
544 444 757 485 honorem
782 455 823 485 et
858 441 1021 485 cultum
1047 441 1263 500 exhibere,
1285 458 1415 500 quem
1441 458 1518 500 pro
1543 459 1623 487 suo

195 513 318 558 libito
343 513 568 557 meliorem
593 514 858 558 existimat.»
893 540 943 545 -—
969 515 1102 572 Atqui
1134 530 1220 558 non
1246 515 1300 557 ita
1322 530 1388 558 res
1413 530 1458 557 se
1482 513 1622 559 habet.

199 585 347 630 Deum
382 585 521 629 colere
569 585 774 629 debemus
821 585 936 629 cultu
971 585 1059 644 illo,
1092 587 1164 644 qui
1215 586 1263 630 Ei
1302 599 1365 629 est
1412 599 1622 644 acceptus:

200 658 374 715 quinam
410 673 511 700 vero
545 659 598 701 sit
633 657 770 701 cultus
805 659 899 701 Deo
933 670 1146 715 acceptus,
1179 673 1258 701 nos
1302 657 1425 701 docet
1472 658 1624 716 religio

198 729 402 773 naturalis
435 746 481 772 ac
515 729 710 787 revelata,
745 746 852 788 quae
885 746 972 773 non
1005 731 1271 787 excogitatur
1303 743 1374 774 aut
1408 730 1625 788 effingitur

198 818 221 846 a
253 801 396 854 nobis,
432 801 505 845 sed
539 801 662 845 nobis
697 803 785 845 sive
819 802 1001 845 velimus
1036 803 1124 845 sive
1158 802 1347 846 nolimus
1382 819 1403 846 a
1435 803 1528 861 lege
1561 803 1624 847 di-

197 873 296 916 vina
328 872 537 916 indicatur
572 886 611 916 et
646 875 899 932 imponitur.
1313 926 1320 932 ἡ

320 945 373 989 ΙΙ.
412 946 474 988 De
509 945 641 988 altero
677 947 759 988 iam
795 958 1042 1003 systemate,
1065 961 1222 1003 nempe
1256 945 1306 989 de
1342 945 1624 990 indifferentia

199 1018 309 1060 circa
357 1016 545 1060 diversas
594 1017 836 1074 religiones,
884 1033 1076 1074 agamus.
1110 1042 1166 1050 —
1200 1017 1465 1075 Religiones,
1516 1033 1623 1076 quae

198 1088 393 1133 dicuntur
429 1105 449 1131 a
483 1090 578 1132 Deo
614 1090 834 1143 revelatae,
870 1103 1050 1147 possunt
1098 1107 1190 1134 esse
1239 1104 1279 1134 et
1328 1107 1474 1149 reapse
1523 1102 1624 1134 sunt

200 1161 358 1218 plureS,
391 1162 652 1219 eaedemque
687 1175 925 1220 pugnantes
960 1164 1068 1205 inter
1102 1179 1145 1205 se
1189 1178 1234 1206 ac
1269 1164 1505 1220 oppositae.
1549 1163 1625 1206 Est

201 1232 353 1290 religio
388 1233 454 1292 (2)
488 1233 725 1287 Catholica,
760 1250 867 1291 quae
902 1234 1026 1276 docet
1057 1234 1202 1277 Iesum
1249 1233 1488 1286 Christum,
1525 1249 1624 1277 cum

197 1305 255 1348 sit
287 1306 410 1348 vivus
444 1318 484 1348 et
517 1321 644 1348 verus
679 1305 811 1348 Filius
845 1306 942 1358 Dei,
976 1321 1068 1348 esse
1101 1305 1382 1348 adorandum:
1417 1318 1480 1348 est
1513 1318 1625 1349 secta

198 1376 549 1429 Socinianorum,
575 1392 681 1434 quae
707 1376 830 1420 docet
856 1375 1081 1420 Christum
1106 1393 1194 1420 non
1224 1392 1315 1420 esse
1339 1376 1623 1433 adorandum,

199 1465 298 1494 cum
323 1449 376 1491 sit
400 1447 584 1506 simplex
609 1461 808 1491 creatura.
835 1449 908 1491 Est
932 1447 1084 1505 religio
1110 1448 1345 1504 Catholica,
1369 1464 1475 1506 quae
1499 1448 1624 1493 docet

198 1519 465 1565 adorandum
500 1536 591 1563 esse
625 1520 945 1562 sanctissimum
977 1519 1303 1562 Sacramentum
1329 1521 1370 1562 in
1405 1521 1536 1564 altari:
1561 1533 1624 1565 est

197 1606 313 1637 secta
346 1592 696 1648 Calvinistarum,
728 1607 835 1649 quae
869 1591 993 1634 docet
1026 1590 1323 1635 adorationem
1368 1591 1480 1635 illam
1531 1609 1624 1637 esse

198 1677 341 1708 actum
377 1663 656 1708 idololatriae.
693 1664 863 1708 Omnes
898 1676 1042 1706 autem
1076 1679 1118 1707 se
1154 1663 1301 1707 dicunt
1336 1664 1554 1721 revelatas,
1578 1680 1624 1708 se

199 1736 362 1779 divinas
396 1752 487 1779 esse
523 1735 800 1794 proclamant.
836 1735 956 1788 Quid
989 1751 1094 1792 ergo
1129 1736 1376 1793 agendum?

320 1809 444 1861 Sunt,
480 1809 551 1865 qui
586 1819 777 1859 tuentur,
803 1806 1125 1863 obligationem,
1150 1807 1200 1850 de
1223 1823 1305 1865 qua
1328 1807 1403 1850 hac
1438 1809 1478 1850 in
1513 1807 1624 1852 thesi

200 1878 332 1922 locuti
368 1895 533 1936 sumuS,
568 1878 796 1937 profitendi
847 1879 1101 1936 religionem
1151 1879 1393 1932 revelatam,
1439 1881 1625 1938 impleri,

199 1966 496 2010 quaecumque
545 1952 716 1996 tandem
751 1969 800 1995 ex
849 1952 1038 2010 pluribus
1087 1954 1136 1995 iis
1188 1953 1484 2010 religionibus,
1517 1969 1624 2011 quae

200 2022 400 2066 dicuntur
423 2024 643 2080 revelatae,
662 2024 863 2081 seligatur
888 2040 932 2067 ac
954 2037 1162 2067 servetur.
1184 2025 1450 2068 Huiusmodi
1475 2027 1624 2083 opinio

196 2094 558 2153 indifferentismns
589 2098 632 2140 in
667 2096 873 2152 religione
896 2098 1038 2138 vocari
1064 2095 1186 2141 solet:
1212 2110 1274 2139 est
1298 2111 1439 2140 autem
1469 2097 1621 2155 opinio

199 2169 396 2227 apprime
419 2168 531 2211 falsa.
557 2169 667 2213 Nam
692 2167 897 2224 obligatio
928 2167 1155 2224 profitendi
1180 2167 1436 2225 religionem
1462 2168 1626 2212 revela-

298 2372 354 2416 (1)
383 2371 421 2405 In
451 2371 573 2406 Allo-t.
607 2371 762 2405 Μακῐιηα
792 2370 938 2416 quidem,
968 2382 988 2417 9
1016 2371 1092 2407 Iun.
1123 2369 1222 2407 1862.

294 2431 351 2477 (2)
391 2430 664 2473 Animadverte,
702 2431 772 2465 hoc
813 2431 987 2475 religionis
1026 2442 1161 2466 nomen
1203 2431 1382 2466 transferri
1425 2431 1541 2466 solere
1581 2430 1627 2464 ad

200 2491 317 2537 ipsam
346 2489 560 2532 Ecclesiam,
589 2499 778 2536 tamquam
808 2490 851 2524 ad
879 2490 1096 2536 principium
1131 2489 1442 2526 manifestativum
1480 2489 1625 2524 officio-

200 2562 294 2593 rum,
324 2551 451 2597 quibus
478 2550 661 2596 legitimae
688 2549 879 2597 religionis
905 2551 1119 2596 obsequium
1147 2558 1297 2586 constat.
