1737 2802
152 245 188 292 S.
210 245 237 281 1.
260 244 317 294 De
344 244 448 291 officio
475 255 542 277 non
569 242 728 278 laedendi
750 226 1013 289 proximunNn
1040 241 1134 275 bonis
1159 241 1238 275 suis.
1276 266 1285 274 .
1336 266 1346 275 .
1397 265 1407 275 .
1459 267 1467 273 .
1538 238 1586 274 ib.

246 314 301 349 71.
330 304 597 338 Enumerantur
635 302 826 349 praecipua
866 301 975 343 bona,
1015 311 1103 347 quae
1146 300 1260 335 homo
1305 292 1470 346 possidet

341 371 380 398 ut
406 373 480 405 sua,
507 371 541 396 et
567 362 697 408 quibus
732 370 851 406 potest
894 360 1026 394 iniuste
1065 359 1273 405 exspoliari:
1300 355 1344 384 ’-
1372 359 1468 392 bona

339 423 436 456 vitae
454 430 488 456 et
510 422 674 467 corporis
693 440 736 446 —
758 420 905 455 divitiae
926 440 967 446 -
987 420 1084 454 bona
1111 418 1229 453 famae
1247 427 1282 452 et
1300 418 1465 452 honoris.
1538 415 1586 451 ib.

149 481 332 526 Thesis
365 481 507 523 XXII.
542 506 598 510 —
634 481 696 523 Dc
730 480 918 523 occisione
951 479 1121 522 alterius
1155 512 1165 521 .
1230 512 1239 520 .
1306 511 1316 520 .
1381 511 1390 520 .
1455 510 1464 518 .
1529 473 1585 518 ib.

248 563 305 598 72.
331 552 644 586 Demonstratio
684 571 727 576 —
760 561 786 584 1.
814 550 965 585 Occisio
993 550 1140 584 alterius
1167 560 1210 583 ex
1237 547 1376 594 privata
1410 558 1472 582 au-

345 613 514 645 ctoritate
543 619 574 645 et
596 619 691 645 extra
713 622 835 644 casum
856 610 1079 644 necessariae
1098 607 1322 642 defensionis
1342 615 1469 641 contra

343 670 519 704 iniustum
547 680 812 715 aggressorem,
833 676 884 702 est
911 668 1037 702 iniuria
1059 689 1094 692 —
1128 667 1164 701 in
1193 667 1296 702 illum
1326 666 1386 712 qui
1414 677 1472 699 oc-

344 729 471 763 ciditur
499 749 537 753 —-
568 730 604 762 in
632 730 934 762 communitatem
963 727 1064 762 cuius
1096 727 1155 762 ille
1194 728 1254 773 qui
1294 725 1472 761 occiditur

343 799 397 823 est
424 789 630 823 membrum
658 808 702 814 —
731 789 766 822 in
801 789 934 822 Deum.
962 807 1005 813 —
1035 788 1141 830 Quae
1179 786 1306 820 iniuria
1345 786 1388 820 ab
1427 796 1470 819 eo
1502 832 1507 835 Δ

346 849 455 882 etiam
484 849 674 893 irrogatur,
703 847 762 893 qui
791 856 844 881 est
872 846 1021 880 moralis
1050 857 1157 880 causa
1196 845 1399 879 homicidii.
1427 863 1471 870 —-

343 918 374 942 2.
403 908 442 941 In
470 919 552 941 casu
579 917 701 941 autem
730 907 954 940 necessariae
982 904 1208 939 defensionis
1248 913 1373 938 contra
1412 904 1469 936 in-

343 968 474 1002 iustum
503 968 597 1002 vitae
623 976 888 1012 aggressorem,
915 964 997 998 licet
1025 964 1116 998 tueri
1144 964 1330 1009 propriam
1357 963 1478 1000 vitam,

417 1027 525 1061 etiam
554 1038 637 1059 cum
668 1025 790 1059 iniusti
819 1024 1044 1069 aggressoris
1070 1034 1159 1057 nece
1178 1043 1223 1048 --
1249 1031 1392 1057 servato
1418 1032 1471 1056 ta-

348 1097 433 1120 men
460 1085 713 1135 moderamine
742 1085 949 1129 inculpatae
987 1084 1133 1118 tutelae.
1163 1103 1202 1108 —-
1233 1082 1472 1117 Obiectiones

347 1139 1578 1181 solvuntur............‚....ib

250 1214 306 1249 73.
336 1204 545 1239 Scholion.
576 1224 617 1228 —
651 1208 708 1237 An
748 1203 877 1244 verb25,
915 1213 990 1235 non
1031 1201 1189 1244 occides,
1228 1200 1463 1246 prohibeatur

348 1261 584 1297 solummodo
610 1261 748 1295 occisio
777 1261 946 1306 proximi,
974 1279 1017 1285 —
1045 1272 1090 1294 an
1126 1260 1236 1294 etiam
1277 1259 1471 1294 mutilatio.

346 1322 550 1356 vulneratio
578 1330 647 1356 etc.
674 1341 722 1347 —
756 1323 813 1355 An
853 1321 957 1355 liceat
998 1332 1079 1354 curn
1120 1320 1306 1354 occisione
1345 1319 1468 1352 iniusti

346 1382 520 1415 invasoris
546 1380 737 1415 defendere
764 1400 807 1405 —
836 1381 932 1414 bona
960 1380 1125 1414 fortunae
1148 1399 1191 1405 —
1220 1379 1466 1423 integritatem

349 1441 598 1474 membrorum
640 1460 681 1465 —
721 1439 913 1474 honorem.
953 1459 997 1464 —
1036 1440 1095 1472 An
1137 1438 1242 1473 liceat
1282 1437 1475 1472 defendere

347 1500 555 1546 proximum
584 1501 818 1533 innocentem
848 1511 929 1532 cum
958 1491 1143 1533 occisione
1171 1498 1394 1544 aggressoris
1424 1517 1470 1523 —

351 1559 448 1600 Quid
479 1558 622 1604 proprie
650 1559 694 1592 sit
722 1558 874 1592 licitum:
910 1558 1034 1603 ipsane
1073 1557 1211 1592 occisio
1252 1558 1476 1603 aggressoris

349 1618 484 1659 iniusti,
512 1630 556 1651 an
586 1616 745 1651 defensio
776 1618 949 1662 suiipsius
977 1617 1033 1651 vel
1065 1617 1220 1662 proximi
1260 1617 1474 1651 innocentis.
1527 1625 1591 1660 253

152 1676 337 1720 Thesis
370 1677 535 1719 XXIII.
571 1702 628 1709 -
660 1676 722 1718 De
757 1675 903 1718 duello.
941 1711 949 1718 .
1014 1710 1022 1718 .
1087 1710 1096 1718 .
1163 1710 1172 1718 .
1239 1711 1247 1718 .
1314 1710 1322 1717 .
1389 1710 1396 1718 .
1464 1709 1472 1716 .
1510 1675 1594 1730 258

250 1757 306 1791 74.
334 1748 652 1781 Praenotiones.
676 1765 720 1772 —
742 1746 839 1788 Quid
860 1748 902 1780 sit
926 1747 1089 1781 duellum
1107 1766 1148 1770 —
1166 1755 1329 1792 spectato
1349 1756 1474 1792 etymo

348 1826 392 1831 —
420 1816 582 1851 spectato
611 1818 675 1839 usu
704 1806 885 1852 loquendi.
906 1826 948 1832 —
970 1808 1074 1849 Quot
1100 1807 1218 1840 modis
1245 1807 1320 1841 fieri
1349 1807 1475 1852 possit.

349 1885 388 1890 --
425 1876 450 1899 1.
480 1867 534 1900 De
561 1866 692 1900 duellis
719 1877 761 1899 ex
789 1866 1004 1901 auctoritate
1031 1866 1175 1911 publica
1211 1875 1243 1900 et
1287 1877 1329 1900 ex
1371 1877 1477 1900 causa

350 1924 506 1969 publica:
530 1946 565 1950 —-
584 1934 702 1959 utrum
723 1925 917 1970 aliquando
938 1925 1008 1958 sint
1027 1925 1138 1960 licita.
1158 1935 1189 1959 2.
1208 1945 1251 1951 —
1272 1927 1327 1960 De
1346 1925 1475 1959 duellis

350 1996 394 2018 ex
423 1985 565 2028 publica
594 1985 809 2018 auctoritate
839 1994 870 2018 et
898 1986 944 2018 ob
965 1995 1109 2018 causam
1138 1985 1324 2030 privatam,
1344 1996 1404 2019 seu
1434 1984 1477 2019 de

351 2044 482 2078 duellis
509 2045 718 2078 iudiciariis:
738 2065 775 2070 -
796 2055 858 2078 cur
884 2053 966 2078 sunt
994 2044 1132 2079 illicita.
1151 2065 1194 2070 --
1216 2057 1244 2090 3.
1265 2045 1320 2080 De
1348 2046 1477 2080 duellis

352 2115 394 2138 ex
423 2103 557 2148 privata
585 2104 798 2137 auctoritate
827 2112 861 2137 et
889 2104 934 2138 ob
965 2103 1140 2148 privatam
1179 2115 1336 2138 causam:
1360 2125 1407 2130 —
1433 2104 1476 2138 de

353 2172 424 2207 quo
453 2160 574 2194 duello
603 2162 796 2206 praecipue
829 2172 991 2207 agamus.
1043 2188 1050 2195 .
1105 2189 1352 2198 .....
1406 2192 1412 2198 .
1466 2192 1472 2198 .
1549 2164 1595 2199 ib.

256 2230 313 2264 75.
341 2221 666 2255 Demonstratio.
695 2240 738 2246 —
772 2232 798 2255 1.
826 2220 999 2255 Duellum
1027 2233 1070 2256 ex
1097 2222 1233 2268 privata
1261 2225 1476 2258 auctoritate

352 2288 386 2314 et
415 2281 550 2325 privata
577 2291 695 2317 causa,
725 2281 943 2314 nominatim
973 2291 1058 2314 vero
1085 2281 1239 2316 honoris
1275 2293 1393 2325 causa,
1422 2294 1478 2317 su-

353 2346 517 2386 sceptum
547 2338 625 2383 ipso
653 2347 708 2371 est
736 2339 809 2372 iure
829 2347 977 2372 naturae
1004 2339 1169 2382 vetitum,
1186 2348 1314 2385 utpote
1342 2341 1477 2376 malurn

352 2396 492 2430 malitia
519 2415 562 2421 —
592 2396 733 2430 suicidii
779 2416 811 2421 -
860 2405 893 2431 et
932 2396 1136 2441 homicidii,
1175 2408 1282 2444 prout
1320 2399 1479 2434 homici-

354 2454 453 2488 dium
493 2466 510 2488 a
553 2455 708 2490 suicidio
748 2456 989 2502 distinguitur.
1027 2476 1072 2483 —-
1109 2468 1140 2492 2.
1169 2457 1478 2494 Confirmationes

353 2514 472 2559 quoad
502 2513 666 2548 duellum
693 2524 905 2560 susceptum
933 2535 979 2542 —
1006 2517 1048 2550 ad
1083 2517 1307 2563 puniendum
1346 2520 1476 2553 adver-

353 2572 487 2606 sarium
515 2573 562 2606 ob
591 2572 759 2607 iniuriam
787 2573 926 2608 illatam
958 2586 1112 2621 eamque
1151 2576 1405 2611 vindicandam
1436 2598 1476 2603 —

347 2632 396 2666 ad
436 2632 593 2666 ablatum
634 2631 815 2667 honorem
856 2635 1142 2681 recuperandum
1174 2655 1221 2662 —
1246 2636 1290 2671 ad
1327 2637 1483 2672 honoris
