1737 2802
1152 77 1170 90 .
1579 72 1608 100 *-

187 216 381 265 alicuius‚
417 214 533 272 quod
569 227 767 258 nostrum
801 216 853 258 sit
887 228 926 258 et
958 215 1060 259 alter
1094 215 1163 259 ille
1196 233 1217 260 a
1251 215 1377 260 nobis
1423 215 1621 276 abripere

189 300 380 331 conetur.
417 286 535 330 Talis
570 287 731 330 occisio
779 299 842 330 est
892 286 1116 331 manifeste
1169 289 1335 343 iniuria,
1369 304 1503 348 eaque
1535 291 1617 334 tri-

190 358 301 416 plex,
338 358 378 400 in
415 357 534 400 illum
568 358 640 414 qui
676 356 901 414 occiditur,
925 359 965 400 in
1001 360 1360 404 communitatem
1396 361 1516 404 cuius
1547 360 1622 405 ille

190 432 261 489 qui
296 429 505 473 occiditur
539 443 602 472 est
636 428 902 482 membrum,
939 431 980 473 in
1016 431 1174 474 Deum.

309 503 384 545 Est
424 502 494 544 1⁰9·
531 502 685 544 iniuria
709 503 750 544 in
777 501 893 544 illum
916 502 986 559 qni
1008 502 1211 547 occiditur.
1236 504 1310 547 Est
1337 505 1452 549 enim
1486 503 1621 550 laesio

190 590 263 617 seu
297 572 474 616 violatio
509 572 626 629 iuris,
659 571 792 629 quod,
826 585 872 614 ut
905 584 967 615 est
1002 573 1182 615 omnino
1207 573 1622 634 manifestum,qui-—

189 644 290 689 libet
323 645 458 687 homo
493 660 511 686 a
547 644 643 687 Deo
678 642 814 696 habet,
839 643 985 686 utendi
1010 660 1055 687 ac
1089 643 1254 688 fruendi
1288 661 1364 689 sua
1395 647 1481 690 vita
1504 647 1620 690 suis-

191 734 274 777 que
308 717 523 775 potentiis.
560 716 670 760 Sane
701 716 851 772 homo,
875 717 1071 773 quamvis
1107 732 1127 759 a
1161 717 1256 759 Deo
1289 733 1378 760 non
1410 719 1620 776 acceperit

192 789 437 833 dominium
472 786 710 845 perfectum
746 803 819 830 seu
854 785 1072 830 arbitrium
1110 787 1284 845 plenum
1317 790 1358 832 in
1393 805 1516 833 suam
1548 791 1617 834 vi-

191 874 277 905 tam
313 862 368 903 ita
402 872 448 903 ut
480 860 618 917 possit
651 858 701 902 de
735 875 781 902 ea
817 874 894 917 pro
916 858 1052 902 lubito
1087 859 1313 918 disponere
1336 877 1516 920 eamque
1540 861 1621 906 de-

192 946 372 989 struere⁷
409 932 569 988 accepit
616 944 758 974 tamen
792 947 813 973 a
847 931 941 974 Deo
990 930 1093 974 illud
1143 932 1184 974 in
1234 948 1327 976 eam
1375 932 1623 978 dominium·

192 1010 255 1059 (ac
289 1002 470 1061 proinde
519 1003 598 1045 ius,
649 1001 765 1059 quod
817 1002 912 1045 utile
960 1014 1137 1046 vocatur
1172 1007 1251 1058 (ηε
1289 1004 1388 1058 vita,
1423 1016 1469 1048 ut
1515 1004 1625 1049 dixit

192 1075 415 1120 Lucretius
450 1073 531 1131 (2),
586 1074 828 1132 «mancipio
877 1073 979 1117 nulli
1030 1074 1168 1129 datur,
1217 1075 1419 1120 omnibus
1467 1092 1559 1122 usu.
1594 1095 1622 1118 >

191 1148 321 1206 Atqui
358 1146 488 1189 laesio
522 1145 587 1188 vel
624 1144 801 1188 violatio
836 1145 1020 1189 dominii
1054 1162 1128 1190 seu
1165 1148 1268 1191 iuris
1302 1146 1427 1191 alieni
1459 1160 1523 1192 est
1557 1149 1620 1193 in-

190 1219 299 1262 iuria
333 1222 410 1273 (3).
448 1244 500 1249 —
536 1218 611 1261 Est
647 1216 721 1260 2⁰21
757 1217 915 1260 iniuria
948 1219 990 1260 in
1024 1220 1372 1271 communitatem,
1406 1221 1522 1264 cuius
1555 1219 1626 1264 ille-

191 1293 263 1350 qui
294 1291 487 1334 occiditur
520 1298 576 1333 est
610 1289 849 1334 membrum.
880 1289 1187 1333 Communitas
1222 1291 1354 1346 enim,
1384 1290 1622 1335 domestica

191 1362 447 1420 praesertim
482 1377 528 1404 ac
561 1360 709 1417 civilis,
743 1359 867 1404 habet
900 1361 981 1417 ius,
1005 1377 1058 1404 ne
1093 1360 1227 1419 utilia,
1251 1360 1408 1420 quibus
1442 1374 1628 1420 constat,

193 1432 387 1477 membra
419 1435 468 1476 ab
502 1448 549 1476 ea
581 1431 898 1486 abscindantur3
933 1432 1050 1490 quod
1085 1445 1147 1477 est
1183 1446 1332 1477 contra
1363 1436 1454 1478 eins
1504 1436 1619 1479 inte-

191 1506 408 1563 gritatem,
444 1504 719 1548 securitatem
754 1520 799 1547 ac
847 1505 1196 1562 prosperitatem.
1230 1530 1289 1537 --
1321 1506 1396 1549 Est
1431 1505 1507 1562 3⁰.)
1553 1507 1627 1550 in-

194 1577 304 1620 iuria
339 1578 381 1619 in
416 1577 566 1620 Deum.
606 1576 742 1628 «Qui
781 1575 967 1619 alienum
1015 1592 1188 1620 servum
1228 1576 1443 1635 interficit,
1477 1592 1627 1637 peccat

192 1647 235 1690 in
270 1647 516 1701 dominum,
553 1648 674 1690 cuius
708 1659 771 1690 est
805 1663 967 1692 servus:
993 1665 1012 1688 »
1068 1664 1176 1706 quae
1219 1660 1319 1692 sunt
1351 1664 1384 1692 s.
1419 1648 1628 1694 Thomae

194 1719 320 1763 verba
353 1718 481 1777 paulo
514 1731 610 1763 ante
644 1718 763 1763 allata
797 1728 871 1776 (4).

289 1925 339 1972 (1)
364 1927 419 1960 De
447 1925 612 1960 dominio
639 1923 801 1971 perfecto
828 1934 862 1959 et
888 1923 1102 1970 imperfecto
1141 1924 1258 1971 deque
1297 1923 1455 1959 dominii
1490 1923 1629 1970 imper·

195 1984 278 2019 fecti
304 1983 542 2019 divisionibus
569 1995 718 2030 agemus
758 1983 865 2030 paulo
895 1982 1055 2018 inferius:
1096 1983 1250 2018 diximus
1290 1982 1424 2031 aliquid
1460 1981 1628 2029 superius

194 2045 285 2079 thes.
314 2045 358 2079 II.
385 2056 465 2091 pag.
493 2054 549 2088 34.

289 2105 345 2150 (2)
372 2105 413 2140 L.
443 2104 505 2139 ΙΙΙ.
533 2104 612 2150 985.
644 2126 678 2129 —-
710 2105 807 2139 Haec
835 2105 943 2139 verba
970 2103 1156 2139 Lucretius
1182 2104 1218 2138 in
1245 2103 1358 2138 alium
1384 2102 1495 2138 finem
1519 2103 1625 2138 dixitt·

194 2174 234 2198 ea
259 2173 383 2199 tamen
410 2165 445 2198 in
475 2176 548 2199 rem
577 2173 741 2200 nostram
768 2173 890 2210 aptare
918 2174 1125 2210 possumus.
1152 2183 1198 2189 —-
1225 2164 1322 2199 Dare
1352 2162 1486 2210 aliquid
1523 2174 1629 2197 man*

193 2227 281 2272 cipio
308 2224 485 2271 significat
515 2224 598 2260 dare
625 2224 740 2270 ipsam
768 2224 818 2260 rei
838 2224 1109 2271 proprietatem,
1130 2234 1204 2258 non
1223 2223 1484 2259 tantummodo
1505 2234 1626 2259 usum.
1679 2222 1682 2226 '

192 2284 343 2331 Antiqui
371 2284 468 2318 enirn
497 2296 606 2318 manu
634 2284 824 2331 capiebant
851 2295 914 2318 seu
943 2282 1219 2330 prehendebant
1249 2294 1339 2327 rem,
1362 2282 1464 2318 cuius
1499 2282 1627 2319 domi-

193 2345 295 2378 nium
321 2343 387 2378 sibi
416 2354 630 2389 comparare
655 2343 842 2379 volebant.

292 2403 346 2447 (3)
370 2404 425 2438 De
453 2404 580 2437 iniuria
608 2402 763 2438 diximus
789 2413 907 2449 super.
934 2402 1026 2438 thes.
1057 2403 1100 2438 11.
1128 2401 1242 2437 schol.
1268 2412 1352 2448 pag.
1382 2411 1433 2448 39.

292 2464 349 2509 (4)
378 2464 417 2498 In
431 2462 520 2499 thesi
539 2463 703 2509 praeced.
718 2463 762 2497 de
780 2462 945 2497 suicidio.
960 2462 1121 2497 —Idem
1139 2473 1166 2498 s.
1185 2463 1335 2505 Doctor,
1353 2461 1388 2495 in
1407 2470 1530 2508 opusc,
1548 2460 1628 2503 1V.‚

195 2524 243 2558 ait
270 2523 496 2558 occisionem
523 2522 669 2558 alterius
697 2536 715 2554 «
735 2534 814 2558 esse
841 2523 950 2558 etiam
978 2527 1097 2557 contra
1122 2527 1298 2557 naturam:
1319 2520 1410 2568 quia,
1430 2528 1468 2555 ut
1492 2519 1629 2555 dicitur

195 2583 293 2618 Eccl.
322 2583 419 2619 XIII.
448 2594 516 2631 19.,
535 2595 631 2618 omne
649 2583 779 2618 animal
807 2583 920 2629 diligit
945 2583 1053 2618 simile
1078 2583 1156 2618 sibi:
1184 2581 1280 2618 unde
1304 2581 1419 2618 Exod.
1437 2580 1535 2616 XXI.
1557 2591 1630 2625 12.‚,
