1737 2802
798 78 1064 132 -336—

214 180 445 226 reiecimus
492 177 534 218 in
567 174 676 218 thesi
710 175 917 227 XXIX².,
952 173 1227 218 ostendentes
1275 175 1372 233 quid
1403 175 1479 219 hac
1521 175 1563 219 in
1605 192 1653 220 re

214 269 293 296 non
327 251 468 308 possit,
500 247 601 305 qnid
629 248 774 304 possit,
809 247 907 304 quid
939 246 1074 290 debeat
1097 247 1235 304 facere
1276 255 1489 304 supremus
1521 247 1651 291 socie-

215 324 311 366 tatis
340 322 525 378 princeps
557 323 596 361 et
631 326 767 361 rector.

338 392 438 436 VII.
470 392 584 434 Cum
620 402 834 446 praeterea
868 390 921 432 sit
955 389 1037 431 hoc
1072 389 1113 432 in
1151 389 1381 432 hominurn
1419 405 1540 434 inore
1565 404 1653 447 po·-

220 467 367 519 situm,
400 462 510 506 bona
545 477 619 503 sua
654 461 741 503 sive
775 459 870 502 filiis
915 461 1003 502 sive
1053 459 1197 503 alienis
1232 470 1467 504 testamento
1515 461 1648 504 relin-

220 553 369 595 quere,
404 550 480 578 nec
515 533 655 577 desint
689 534 760 589 qui
797 547 964 575 morem
1001 532 1114 574 hunc
1159 533 1386 589 reprobent
1429 546 1650 591 tamquam

221 611 382 654 facinus
418 607 599 650 omnino
647 603 928 660 intolerabile3
972 604 1072 647 hinc
1121 605 1161 646 in
1201 604 1313 647 thesi
1363 605 1532 650 XXXa.
1581 607 1659 649 in-

222 680 499 739 quisivimus,
536 686 678 719 utrum
711 676 953 730 dominium,
977 675 1087 733 quod
1119 684 1296 719 naturae
1328 675 1393 718 lex
1425 676 1548 719 etiam
1566 679 1656 735 pri-

224 754 335 796 vatis
368 749 559 800 concedit,
596 749 657 791 ius
690 763 844 806 qnoque
879 747 1059 790 testandi
1089 748 1391 805 complectatur.

344 822 463 866 VIII.
499 821 614 864 Cum
635 819 695 872 id,
716 819 833 877 quod
852 820 944 862 iure
969 819 1230 876 possidetur,
1254 820 1409 863 iniuria
1426 819 1665 878 auferaturr

227 895 346 938 facile
380 893 552 936 tandem
590 891 695 945 fuit,x
712 906 964 933 enumerare
989 891 1031 933 in
1054 889 1166 933 thesi
1200 892 1394 934 XXXV&
1414 894 1658 950 praecipuas

226 977 369 1012 contra
402 964 629 1007 dominium
660 963 926 1020 proprietatis
960 963 1150 1018 iniurias,
1184 978 1259 1005 seu
1295 962 1347 1005 de
1380 962 1496 1006 furto
1532 979 1659 1021 agere

229 1055 274 1082 ac
310 1039 453 1094 sapin-1
488 1037 577 1078 sive
612 1036 671 1077 rei
706 1033 907 1092 profanae
942 1035 1033 1075 sive
1067 1049 1222 1077 sacrae.

353 1111 479 1162 Quae
514 1107 718 1150 hactenus
754 1106 805 1149 de
841 1106 1112 1163 proprietatis
1149 1105 1346 1148 dominio
1380 1105 1563 1150 breviter
1587 1122 1663 1150 nec

233 1197 312 1240 pro
346 1180 588 1237 argumenti
629 1179 836 1235 dignitate
886 1177 1190 1232 disseruimus,
1225 1176 1480 1221 confirmare
1529 1178 1690 1236 placet'

233 1252 559 1310 sapientissimis
598 1251 758 1293 Leonis
794 1250 914 1292 XIII.
950 1249 1087 1291 verbis
1122 1249 1204 1307 (1).

362 1342 381 1364 «
415 1322 612 1366 Publicae
646 1336 692 1364 ac
726 1320 990 1364 domesticae
1024 1320 1319 1378 tranquillitati
1353 1319 1558 1364 catholica
1595 1336 1671 1363 sa-

236 1397 409 1453 pientia,
445 1393 646 1437 naturalis
673 1393 927 1450 divinaeque
950 1392 1057 1448 legis
1093 1393 1330 1450 praeceptis
1354 1391 1541 1448 suffulta,
1566 1408 1669 1436 con-

238 1466 472 1510 sultissime
508 1463 693 1522 providit
727 1463 857 1505 etiam
893 1478 966 1520 per
1001 1479 1061 1519 ea,
1086 1478 1192 1520 quae
1226 1464 1354 1506 sentit
1387 1479 1434 1506 ac
1468 1463 1594 1506 docet
1617 1463 1670 1506 de

238 1539 329 1580 iure
364 1535 547 1578 dominii
584 1547 623 1577 et
659 1534 888 1591 partitione
921 1533 1154 1587 bonorum,
1189 1549 1296 1591 quae
1337 1533 1387 1576 ad
1436 1535 1546 1577 vitae
1593 1548 1679 1576 ne-

242 1608 482 1652 cessitatem
518 1618 557 1648 et
594 1605 820 1648 utilitatem
857 1618 956 1648 sunt
990 1618 1247 1662 comparata.
1284 1605 1401 1649 Cum
1434 1607 1551 1648 enim
1585 1606 1674 1650 So-

242 1678 424 1721 cialistae
458 1678 522 1720 ius
558 1677 832 1735 proprietatis
872 1690 1092 1734 tamquam
1142 1676 1383 1720 humanum
1433 1677 1681 1734 invenitum7

242 1748 423 1792 naturali
474 1748 705 1791 hominum
756 1747 995 1805 aequalitati
1047 1763 1293 1805 repugnans
1342 1747 1588 1802 traducant,
1635 1760 1676 1790 et

245 1820 604 1864 communionem
624 1818 844 1862 bonorum
862 1818 1119 1876 affectantes,
1133 1820 1383 1877 pauperiem
1405 1819 1518 1863 haud
1538 1835 1679 1877 aequo

244 1892 390 1935 animo
424 1906 516 1933 esse
545 1889 857 1947 perferendam,
892 1902 932 1933 et
955 1889 1162 1933 ditiorum
1187 1891 1487 1948 possessiones
1514 1906 1560 1934 ac
1582 1891 1676 1933 iura

246 1963 424 2021 impune
457 1961 608 2005 violari
654 1977 781 2018 posse
830 1962 1098 2020 arbitrentur3
1133 1961 1320 2005 Ecclesia
1355 1961 1494 2005 multo
1541 1963 1676 2005 satius

247 2047 288 2078 et
321 2033 470 2076 utilius
505 2032 851 2090 inaequalitatem
896 2033 1006 2076 inter
1055 2032 1272 2086 homines,
1307 2035 1501 2091 corporis
1549 2034 1676 2091 inge-

248 2107 396 2164 niique
428 2104 591 2148 viribus
625 2104 875 2148 naturaliter
909 2105 1118 2158 diversos,
1154 2106 1282 2148 etiam
1318 2107 1358 2148 in
1403 2105 1528 2149 bonis
1573 2120 1686 2163 pos-

249 2175 441 2220 sidendis
476 2177 688 2234 agnoscit,
721 2189 760 2219 et
794 2177 859 2219 ius
896 2177 1170 2234 proprietatis
1203 2192 1250 2218 ac
1284 2176 1483 2234 dominii,
1516 2176 1566 2220 ab
1590 2177 1683 2234 ipsa

250 2260 402 2290 natura
450 2247 708 2304 profectum,
743 2249 952 2290 intactum
1006 2247 1177 2290 cuilibet
1211 2259 1250 2289 et
1285 2246 1544 2290 inviolatum·
1588 2242 1707 2291 esse-⁸

252 2318 382 2362 iubet:
418 2320 538 2363 novit
572 2320 687 2362 enim
713 2318 876 2362 furtum
912 2334 957 2361 ac
980 2320 1173 2377 rapinam
1209 2334 1230 2360 a
1264 2317 1374 2371 Deo,
1409 2319 1552 2362 omnis
1577 2319 1681 2362 iuris

348 2501 402 2547 (1)
430 2502 468 2536 In
500 2503 560 2548 Ep.
589 2514 667 2538 enc.
695 2504 864 2538 adversus
891 2504 1166 2539 Socialistarum
1195 2515 1323 2547 sectas,
1353 2505 1459 2550 Quod
1496 2505 1686 2551 Apostolici

256 2561 416 2603 muneris,
443 2560 500 2595 die
534 2561 580 2595 18.
609 2562 696 2596 Dec.
726 2562 822 2607 1887.
