1737 2802
819 94 1083 136 —218—

358 189 442 233 Sed
477 187 705 247 quomodo
740 188 914 232 tendere
949 189 989 231 in
1035 187 1155 232 illum
1205 188 1357 232 debet?
1389 190 1470 233 Per
1518 202 1666 234 custo—

237 262 349 305 diam
385 262 478 317 legis
511 260 598 320 (1),
633 262 861 319 praecipue
895 276 997 304 vero
1030 261 1253 305 naturalis:
1284 261 1376 306 Cur
1407 262 1667 320 praecipue?

237 334 355 386 Quia
389 333 454 376 lex
493 331 696 375 naturalis
730 346 792 376 est
809 334 947 391 prima
982 331 1064 387 lex,
1089 345 1129 375 et
1163 333 1261 391 quia
1284 349 1382 376 cum
1417 331 1558 376 iubeat
1579 348 1666 376 ser-

235 403 393 447 vandas
419 420 512 447 esse
546 404 752 461 positivus
777 405 902 446 etiam
931 404 1012 447 Dei
1036 403 1166 460 legeS‚
1190 419 1358 448 necnon
1384 405 1514 448 iustas
1537 404 1665 447 etiam

238 477 481 533 principum
508 475 800 519 humanorum
826 475 1134 533 ordinationes,
1159 475 1270 519 haud
1296 475 1418 534 plene
1441 475 1664 535 impletur,

232 549 312 591 nisi
347 548 554 605 positivae
587 549 716 591 etiam
760 548 880 606 leges
913 548 1002 591 sive
1035 546 1202 590 divinae
1236 549 1326 592 sive
1357 547 1570 593 humanae
1594 563 1664 592 cu-

232 619 476 662 stodiantur
508 619 595 678 (2).

348 692 509 750 Itaque,
550 705 594 735 ut
648 693 795 750 paucis
847 692 992 734 onmia
1041 690 1396 749 complectamur,
1430 691 1567 736 homo
1615 690 1667 734 ad

231 765 318 809 duo
362 766 401 808 in
438 766 590 824 primis
624 778 806 809 tenetur.
841 790 898 798 —
933 764 1069 818 Quod
1113 777 1274 822 spectat
1306 764 1358 808 ad
1401 763 1663 818 intellectum,

239 836 363 881 debet
397 838 550 881 claram
586 837 637 881 de
671 837 838 880 duobus
874 838 1169 894 cognitionem
1204 835 1282 879 sibi
1316 851 1580 895 comparare,
1601 835 1668 879 vi-

230 909 399 964 delicet,
436 912 486 953 de
511 910 597 969 fine
632 909 799 953 homini
834 926 854 952 a
888 911 983 953 Deo
1018 910 1270 967 praestituto
1303 921 1344 952 et
1376 907 1427 952 de
1461 907 1536 966 lege
1580 906 1675 950 ho·-

231 982 335 1024 mini
371 998 391 1025 a
425 983 520 1025 Deo
555 982 634 1025 lata
668 982 717 1025 ad
750 981 878 1025 finem
915 981 1037 1024 illum
1074 979 1372 1025 obtinendum:
1405 996 1514 1039 quae
1545 991 1661 1032 sunt,

237 1066 282 1098 ut
317 1054 440 1097 initio
489 1053 782 1112 praecedentis
831 1054 961 1112 partis
995 1052 1066 1112 (3)
1114 1051 1378 1105 dicebamus,
1413 1051 1521 1096 duae
1565 1050 1660 1094 illae

232 1127 528 1184 quaestioneS‚
561 1125 611 1169 ad
645 1141 748 1184 quas
783 1126 885 1168 aliae
934 1141 1086 1168 omnes
1136 1124 1311 1168 moralis
1358 1123 1659 1183 philosophiae

230 1198 503 1256 quaestiones
538 1209 807 1240 revocantur.
842 1222 897 1230 —
932 1196 1068 1250 Quod
1102 1209 1244 1240 autern
1287 1208 1449 1254 spectat
1480 1195 1532 1240 ad
1581 1212 1659 1241 vo-

230 1270 447 1323 lunlatem,
483 1268 606 1313 debet
639 1285 732 1312 eam
758 1268 933 1313 reddere
967 1284 1011 1311 ac
1035 1284 1289 1313 conservare
1321 1281 1566 1328 promptam
1592 1285 1664 1313 ex—

234 1341 510 1399 peditamque
544 1340 593 1384 ad
625 1341 766 1400 legem
801 1341 980 1386 fideliter
1018 1341 1273 1400 fortiterque
1317 1342 1660 1392 custodiendam:

226 1414 314 1457 hoc
344 1427 490 1457 autem
524 1413 769 1472 praestabit,
816 1414 983 1458 habitus
1016 1415 1227 1458 virtutum
1277 1414 1525 1472 moralium,
1559 1415 1586 1458 i.
1619 1431 1656 1461 e.

232 1486 489 1544 prudentiae
515 1487 701 1530 iustitiae
725 1487 1030 1545 temperantiae
1059 1503 1105 1530 ac
1128 1485 1390 1530 fortitudinis
1414 1485 1495 1546 (4),
1518 1488 1672 1545 acqui-.

221 1558 356 1601 sendo
391 1571 430 1601 et
466 1560 703 1617 acquisitos
744 1558 992 1617 quotidiana
1027 1552 1333 1602 exercitatione
1382 1559 1518 1616 magis
1544 1567 1662 1603 'ma-

218 1631 371 1688 gisque
405 1628 634 1675 firmando.

341 1703 409 1757 64.
449 1702 708 1746 ScuoLION.
749 1703 873 1746 Haec
906 1715 1047 1745 autem
1087 1703 1158 1761 qui
1194 1715 1440 1746 constanter
1470 1714 1667 1763 peragat,

218 1773 251 1815 is
286 1774 442 1831 eoipso
475 1790 618 1818 curam
658 1774 821 1817 habehit
876 1774 971 1818 honi
1018 1775 1208 1833 nominis,
1241 1776 1267 1818 i.
1301 1791 1336 1818 e.
1369 1774 1506 1818 bonae
1552 1772 1665 1833 apud

215 1859 306 1900 eos,
343 1844 617 1903 quibuscum
653 1846 772 1899 vivit,
817 1847 1150 1890 existimationis
1196 1847 1276 1890 viri
1322 1845 1447 1905 probi
1496 1858 1536 1890 et
1578 1845 1671 1889 ho-·

217 1917 327 1960 nesti
363 1929 404 1960 et
439 1918 479 1960 in
516 1933 595 1960 suo
632 1917 844 1976 explendo
882 1934 1066 1962 munere
1101 1919 1237 1977 periti.
1272 1919 1395 1962 Hanc
1427 1917 1529 1962 boni
1576 1933 1661 1961 no-

216 1989 342 2031 minis
377 2004 525 2032 curam
554 1988 795 2033 habendam
833 2007 955 2048 esse,
979 2004 1017 2034 et
1052 2007 1167 2034 sacra
1201 1991 1421 2049 Scriptura
1453 1989 1571 2034 iubet
1592 1989 1673 2049 (5)

318 2174 374 2218 (1)
407 2174 486 2208 Hac
517 2176 560 2209 de
593 2186 630 2209 re
659 2175 815 2210 diximus
842 2187 960 2221 super.
987 2175 1060 2211 vol.
1094 2187 1120 2210 1.
1147 2175 1237 2211 thes.
1264 2175 1327 2211 XI.
1360 2187 1441 2222 pag.
1467 2174 1523 2221 98.

312 2234 367 2278 (2)
394 2234 426 2267 V
444 2234 500 2269 ide
532 2245 651 2280 super.
678 2234 750 2270 vol.
780 2245 807 2270 1.
834 2234 926 2270 thes.
952 2235 1063 2270 XLV.
1091 2246 1173 2282 pag.
1203 2245 1281 2282 353.

315 2292 372 2337 (3)
399 2292 497 2328 Vide
532 2305 650 2340 super.
678 2294 751 2329 vol.
785 2305 811 2329 1.
840 2305 923 2340 pag.
954 2303 981 2337 3.

305 2353 363 2397 (4)
391 2352 494 2387 Vide
520 2364 640 2398 super.
670 2353 743 2388 vol.
778 2364 804 2388 1.
834 2365 911 2400 cap.
937 2354 999 2388 VI.
1026 2363 1090 2389 art.
1119 2354 1174 2397 IL,
1203 2354 1261 2398 qui
1288 2363 1340 2389 est
1367 2354 1410 2390 de
1436 2354 1636 2390 virtutibus.

309 2414 372 2458 (5)
406 2413 627 2448 Praesertim
658 2415 691 2448 in
721 2413 977 2448 Ecclesiastico
1006 2425 1082 2460 cap.
1099 2414 1193 2450 XLI.
1210 2425 1243 2448 v.
1276 2423 1339 2458 15.:
1372 2430 1389 2446 «
1409 2415 1541 2450 Curam
1567 2409 1664 2449 habe

210 2474 230 2508 d
255 2485 273 2508 e
303 2473 402 2508 bono
430 2473 593 2508 nomine.
620 2472 690 2508 hoc
717 2474 812 2508 enirn
842 2473 960 2520 magis
986 2475 1213 2520 permanebit
1230 2475 1306 2518 tibi,
1324 2486 1430 2521 quam
1457 2473 1557 2510 mille
1581 2465 1658 2509 the'

225 2532 322 2566 sauri
351 2532 502 2578 pretiosi
530 2542 564 2567 et
605 2533 740 2579 magni.
760 2548 776 2564 »
807 2533 849 2568 Et
877 2534 982 2569 Prov.
1007 2533 1123 2570 XXII.
1155 2544 1193 2569 1.:
1235 2534 1395 2570 «Melius
1433 2542 1486 2569 est
1521 2544 1660 2569 nomen

214 2591 357 2626 bonum
392 2603 499 2637 quam
533 2591 679 2627 divitiae
705 2591 851 2628 multae.
877 2607 895 2625 »
