1737 2802
853 139 909 147 -
946 127 1030 169 340
1067 137 1123 145 “·
1523 182 1534 186 ..

270 212 576 256 revelationem
612 210 801 253 criminis
837 209 940 264 veri,
972 220 1012 251 et
1044 207 1254 251 calumnia
1289 221 1396 264 quae
1428 204 1475 248 fit
1507 221 1580 264 per
1611 221 1701 265 ap-
1736 227 1737 231 =

271 286 536 343 positionem
571 282 763 325 criminis
797 280 904 323 falsi.
949 278 996 338 βὶ
1047 278 1261 322 Iudicium
1310 278 1586 321 temerarium
1639 289 1703 321 est

270 355 421 398 firmus
459 369 660 397 assensus
694 369 744 395 ex
777 352 940 395 levibus
977 350 1142 393 indiciis
1180 349 1414 407 praestitus-
1458 347 1509 391 de
1557 348 1704 407 aliquo

273 439 447 485 peccato
482 442 556 468 seu
592 424 758 467 defectu
796 424 997 481 proximi:
1047 421 1237 478 suspicio
1288 433 1430 463 autem
1480 421 1705 463 temeraria

272 511 337 542 est
371 497 582 555 quaedam
619 495 836 538 inclinatio
872 494 921 537 ad
972 492 1290 537 admittendum
1340 493 1432 534 sine
1476 490 1708 541 sufficienti

277 570 442 612 ratione
478 580 699 625 peccatum
733 565 908 623 aliquod
932 582 1004 608 seu
1042 563 1256 607 defectum
1281 562 1472 620 aliquem
1505 562 1709 620 proximi.

276 641 341 685 Ab
378 654 564 698 utroque
598 652 691 682 actu
727 654 873 681 cavere
909 637 1130 681 debemus:
1166 635 1464 692 unusquisque
1497 635 1613 678 enim
1641 634 1709 677 ius

279 712 405 756 habet
439 712 611 765 adhoc,
635 724 680 754 ut
714 711 850 753 malus
885 726 905 752 a
939 710 1110 752 nemine
1145 708 1432 761 existimetur,
1455 706 1594 750 donec
1617 706 1685 749 eiu

281 784 441 827 malitia
473 784 528 826 sit
564 782 740 840 probata
773 797 818 824 ac
853 779 1088 823 manifesta.

401 856 456 898 ΙΙ.
493 854 685 897 Breviter
718 867 833 895 nunc
881 850 1076 893 dicemus
1125 849 1176 892 de
1224 849 1412 892 laesione
1444 848 1618 891 Iao-noris.
1654 870 1712 880 —

280 928 475 972 Nomine
511 926 689 968 honoris
725 924 792 966 hic
825 922 1110 979 intelligimus
1145 933 1362 964 externam
1406 919 1715 971 reverentiam,

283 1014 412 1057 quam
446 997 548 1040 alter
581 1008 769 1039 meretur
802 1007 978 1052 propter
1011 1009 1133 1036 suam
1166 994 1391 1048 virtutem,
1411 1004 1587 1044 statum,
1611 1004 1692 1033 con

287 1070 512 1125 ditionem,
537 1067 805 1124 dignitatem.
832 1067 1028 1109 Iamvero
1052 1064 1232 1108 honoris
1256 1063 1387 1106 laesio
1422 1060 1713 1105 communiter

286 1139 333 1182 fit
367 1155 443 1197 per
475 1137 774 1181 contumeliam.

408 1208 683 1254 Contumelia
706 1207 873 1251 definiri
908 1207 1030 1250 solet:
1055 1206 1212 1248 iniusta
1236 1204 1417 1247 honoris
1440 1203 1572 1247 laesio
1598 1217 1696 1261 prae

284 1283 397 1326 senti
430 1294 470 1324 et
493 1282 640 1323 scienti
665 1281 864 1336 irrogata.
890 1280 1098 1322 Praesens
1123 1289 1265 1320 autem
1289 1275 1542 1333 intelligitur
1564 1273 1692 1331 aliqui

284 1354 349 1397 vel
380 1353 652 1411 personaliter
685 1367 759 1394 seu
791 1351 961 1409 physice,
993 1349 1059 1392 vel
1099 1347 1309 1391 litoraliter
1358 1361 1432 1404 per
1479 1346 1715 1402 imaginem

287 1437 359 1468 aut
394 1439 467 1482 per
499 1422 613 1466 aliud
648 1423 689 1464 in
738 1437 824 1480 quo
873 1421 1011 1478 aliqua
1059 1420 1222 1462 ratione
1271 1428 1625 1475 repraesentatur.
1660 1440 1717 1448 —-

287 1498 425 1540 Porro
461 1493 722 1538 contumelia
753 1492 842 1536 fieri
879 1491 1105 1549 dupliciter
1150 1501 1303 1547 potest:
1340 1494 1382 1540 α)
1418 1487 1619 1543 negative,
1645 1501 1716 1543 per

289 1568 575 1611 omissionem
610 1565 788 1608 honoris
812 1564 880 1606 hic
915 1576 956 1606 et
979 1578 1093 1606 nunc
1127 1560 1272 1606 debiti:
1306 1558 1353 1617 β)
1384 1558 1579 1616 positive,
1599 1556 1716 1600 factis

289 1640 354 1684 vel
387 1638 525 1683 verbis
558 1637 625 1680 vel
659 1637 792 1694 signis
828 1647 1118 1691 contemptus.
1157 1633 1269 1675 Hinc
1307 1630 1358 1674 ad
1409 1628 1716 1673 contumeliam

290 1711 547 1766 referuntur,
582 1709 718 1752 irrisio
753 1723 835 1764 qua
868 1706 963 1764 quis
996 1704 1136 1747 verbis
1169 1715 1211 1747 et
1246 1703 1333 1745 risu
1369 1701 1603 1758 spernitur,
1629 1697 1716 1742 snb-

292 1783 485 1828 sannatio
520 1796 602 1838 qua
624 1780 719 1837 quis
754 1777 945 1835 gestibus
970 1775 1158 1819 ridiculis
1192 1773 1409 1827 irridetur,
1435 1770 1715 1830 improperium

292 1870 380 1913 quo
414 1852 537 1896 alicui
572 1851 717 1908 inopia
749 1849 815 1892 vel
859 1849 963 1891 alius
1016 1845 1267 1890 huiusmodi
1318 1843 1508 1887 defectus
1558 1855 1715 1899 expro-

292 1926 449 1970 bratur.

414 1998 462 2040 In
494 1995 610 2038 hisce
644 1991 901 2046 actionibus,
938 1989 1092 2049 quibus
1116 1988 1226 2048 fama
1257 1986 1325 2030 vel
1359 1986 1501 2029 honor
1534 1979 1715 2046 proximi

294 2068 490 2124 laeditur,
525 2079 570 2108 ut
604 2065 855 2123 plurimum,
888 2061 1033 2105 subest
1067 2059 1334 2103 mendacium.
1370 2057 1520 2110 Quare
1554 2049 1714 2112 aliquo&

295 2139 570 2184 mendacium
595 2149 659 2180 est
682 2133 968 2193 proculdubio
993 2131 1170 2187 malum,
1192 2130 1354 2173 ratione
1379 2127 1540 2171 scilicet
1562 2119 1714 2179 damni,

296 2211 416 2270 quod
450 2209 568 2253 alteri
602 2206 780 2250 infertur
830 2201 1095 2246 mentiendo.
1134 2226 1188 2233 -
1222 2203 1281 2244 At
1314 2213 1432 2251 vero,
1466 2195 1631 2254 quaeri
1657 2191 1713 2236 hi‹

298 2293 439 2340 potest
473 2279 524 2323 de
557 2280 651 2336 ipso
687 2278 729 2318 in
762 2291 805 2318 se
841 2273 1083 2328 mendacio,
1108 2284 1254 2314 utrum
1291 2285 1370 2313 nec
1402 2285 1456 2312 ne
1479 2269 1533 2311 sit
1556 2279 1737 2322 semper=

299 2351 491 2396 malum?
524 2363 626 2393 tunc
648 2348 792 2401 etiam,
817 2344 989 2404 quando
1013 2343 1181 2387 nullum
1205 2342 1325 2386 alteri
1351 2339 1468 2384 affert
1490 2337 1712 2384 damnum

298 2436 402 2468 tunc
449 2423 593 2479 etiam,
627 2436 725 2463 cum
759 2435 780 2462 e
817 2416 1033 2460 contrario
1083 2413 1208 2459 nobis
1242 2413 1307 2457 vel
1359 2412 1475 2455 alteri
1524 2407 1702 2468 prodest

300 2495 414 2539 Huic
447 2491 688 2552 quaestioni
722 2487 1083 2547 respondebimus
1118 2487 1160 2529 in
1194 2484 1305 2528 thesi
1340 2493 1562 2540 sequente.
1698 2478 1702 2486 ”

1705 2436 1712 2450 'l

1703 2455 1711 2466 η

1704 2469 1711 2493 l
