1737 2802
709 122 976 166 ..259-

123 207 205 250 erit
239 221 371 264 pauca
392 205 749 250 animadvertere.
775 230 832 240 -—
857 206 1014 258 Primo,
1049 205 1084 248 si
1107 220 1181 248 rex
1214 205 1378 260 iustum
1401 220 1556 262 gerens

127 277 287 321 bellum
320 277 524 322 adversus
564 278 745 321 alterum
769 294 917 336 regern
940 277 1081 322 videat
1105 293 1150 321 se
1175 277 1420 321 adversario
1445 277 1558 322 infe-

127 351 287 393 riorem
336 365 429 393 esse
463 365 604 407 neque
652 365 778 407 posse
828 350 946 393 aliter
979 365 1023 392 se
1071 348 1316 406 defendere,
1351 349 1464 393 licite
1512 365 1559 393 ac

128 421 361 479 prudenter
395 421 446 463 iis
479 421 522 463 in
556 421 765 464 adiunctis
801 421 958 478 poterit
1002 432 1272 464 commutare
1307 420 1465 464 bellum
1512 421 1556 465 in

128 492 318 534 duellum
352 507 428 535 seu
470 504 684 536 certamen
734 507 972 550 paucorum
1023 491 1212 535 militurn
1261 507 1361 535 cum
1409 494 1556 550 paucis

126 563 323 608 hostibus
359 563 424 608 vel
450 565 585 622 ipsius
609 564 813 622 principis
845 579 943 607 cum
978 564 1169 622 principe
1192 563 1436 607 adversario
1470 563 1557 623 (1).

125 637 196 688 Iis,
230 637 421 692 inquam,
455 636 498 677 in
531 634 742 679 adiunctis
777 635 889 678 licite
923 650 968 677 ac
1001 633 1232 692 prudenter
1265 647 1373 692 aget:
1409 635 1553 693 siqui-

126 707 223 750 dem
258 719 377 751 extra
409 705 478 749 illa
508 706 575 750 vel
614 706 768 749 similia
819 706 1017 749 adiuncta
1064 706 1132 748 hic
1166 705 1347 750 bellandi
1398 706 1556 750 modus

125 789 417 836 opponeretur
449 777 631 821 naturali
681 778 946 835 prudentiae,
978 792 1086 835 quae
1137 777 1280 833 dictat,
1316 776 1555 820 incolumi-

122 861 254 892 tatem
289 849 421 892 totius
455 848 715 906 reipublicae
741 848 1099 892 committendam
1134 865 1223 892 non
1251 865 1343 892 esse
1379 850 1554 907 peritiae

123 920 251 963 unius
287 919 350 962 vel
373 918 562 976 alterius,
582 935 654 962 seu
681 919 892 963 fortunae.
917 946 974 951 ——
999 919 1192 976 Secundo,
1226 920 1268 963 in
1302 919 1413 963 bello
1439 920 1554 963 iusto

123 990 282 1033 milites
316 1003 500 1047 possunt
534 1007 584 1033 ex
608 1006 820 1034 consensu
855 990 975 1034 ducis
1000 989 1190 1034 duellum
1226 991 1274 1034 ab
1298 990 1550 1034 adversariis

121 1061 313 1105 oblatum
348 1074 582 1119 acceptare,
610 1075 712 1106 tunc
737 1063 1003 1120 praesertim,
1027 1074 1074 1105 ut
1096 1074 1217 1106 notat
1243 1063 1293 1106 de
1316 1063 1442 1120 Lugo
1465 1061 1556 1121 (2),

126 1151 149 1173 «
184 1148 284 1175 cum
318 1132 360 1176 id
396 1133 499 1176 utile
533 1134 601 1187 sit,
637 1150 689 1177 ne
722 1134 887 1191 proprii
927 1133 1086 1177 milites
1135 1135 1281 1177 animo
1329 1133 1556 1177 concidant

122 1203 189 1247 vel
238 1203 468 1247 adversarii
517 1204 774 1248 insolescant
825 1207 1021 1262 propriae
1074 1205 1221 1248 virtuti
1275 1205 1553 1248 attribuentes

121 1273 253 1318 duelli
286 1273 415 1317 oblati
450 1276 781 1332 recusationem,
826 1276 944 1334 quod
992 1276 1071 1320 late
1104 1277 1381 1334 prosequitur
1415 1275 1552 1320 Moli-

218 1496 271 1539 (1)
300 1493 356 1530 Cf.
384 1493 427 1529 de
454 1494 571 1541 Lugo,
600 1493 642 1528 de
671 1494 751 1529 iust.
779 1502 813 1528 et
842 1495 916 1529 iure
943 1494 1032 1540 disp.
1059 1494 1104 1529 X.
1136 1503 1223 1530 sect.
1262 1495 1295 1530 8.
1333 1506 1433 1530 num.
1478 1504 1551 1541 173.

122 1554 178 1591 Cf.
204 1555 313 1590 etiam
338 1553 514 1600 vasquez,
541 1565 602 1599 op.
630 1561 663 1588 et
692 1553 715 1587 1.
742 1554 800 1589 cit.
828 1553 911 1588 dub.
937 1563 967 1599 9.
995 1572 1039 1579 —
1066 1554 1146 1589 Hoc
1174 1552 1259 1589 fecit
1287 1553 1403 1601 Cyrus
1429 1563 1556 1590 contra

120 1625 245 1660 regern
271 1613 508 1660 Assyriorum
536 1612 674 1647 bellum
712 1624 854 1659 gerens;
881 1613 1029 1656 scilicet,
1066 1625 1189 1660 regern
1228 1614 1486 1658 adversarium,
1515 1624 1552 1650 ut

122 1671 232 1708 refert
256 1673 470 1718 Xenophon
497 1672 542 1707 de
567 1672 653 1707 Inst.
681 1673 767 1718 Cyri
795 1673 816 1707 1.
843 1672 890 1708 V.
915 1684 1016 1708 num.
1045 1681 1112 1718 37„
1137 1673 1353 1720 provocavit
1380 1674 1423 1709 ad
1451 1673 1554 1710 duel-

121 1732 209 1768 lum.
235 1732 317 1775 Sed,
344 1741 382 1767 ut
409 1732 500 1767 bene
528 1732 680 1767 advertit
708 1732 844 1774 Gerdil,
858 1744 916 1778 op.
944 1733 1004 1768 cit.
1032 1733 1136 1780 chap.
1164 1731 1209 1776 6.,
1239 1732 1356 1768 «d'un
1376 1735 1457 1770 cote
1476 1734 1556 1768 l’ar-

119 1795 201 1828 mee
227 1793 272 1827 de
299 1792 414 1838 Cyrus
440 1792 526 1827 etait
553 1794 624 1827 tres
651 1792 845 1827 inferieure
885 1805 928 1828 en
955 1794 1121 1837 nombre3
1159 1793 1203 1828 de
1242 1794 1266 1828 l'
1280 1802 1391 1837 autre,
1433 1794 1554 1841 Cyrus

117 1851 220 1888 (cleve
246 1851 308 1887 des
332 1863 370 1886 sa
397 1853 561 1897 ieunesse
587 1852 675 1887 dans
702 1851 722 1886 l'
740 1854 901 1887 exercice
929 1852 990 1888 des
1032 1863 1160 1895 armes,
1191 1852 1337 1888 endurci
1367 1855 1387 1886 a
1425 1861 1549 1888 tontes

121 1910 175 1946 les
197 1909 354 1956 fatigues
381 1911 425 1945 de
446 1911 478 1945 la
497 1922 638 1957 guerre,
660 1913 808 1957 pouvait
826 1912 1003 1946 aisement
1022 1922 1059 1946 se
1079 1911 1196 1946 flatter
1216 1911 1355 1945 d'avoir
1373 1912 1405 1946 le
1424 1911 1551 1946 dessus

120 1969 208 2006 dans
234 1981 283 2004 un
310 1971 457 2005 combat
485 1970 659 2017 singulier
685 1982 771 2005 avec
800 1982 846 2005 un
875 1972 998 2017 prince
1025 1970 1150 2005 amolli
1177 1982 1239 2017 par
1265 1969 1298 2004 le
1325 1970 1419 2013 luxe,
1436 1979 1471 2005 et
1498 1970 1551 2005 les

119 2030 253 2066 <ic-lices
280 2029 387 2065 d'une
413 2031 469 2065 vie
495 2039 596 2066 toute
634 2031 885 2076 voluptueuse.
904 2043 926 2064 »
964 2030 1080 2076 Cyrus
1119 2042 1207 2077 ergo
1247 2029 1440 2076 prudenter
1464 2029 1552 2076 egit,

119 2090 266 2126 attentis
291 2090 346 2133 iis,
374 2091 409 2124 in
437 2091 568 2137 quibus
596 2092 816 2132 versabatur,
843 2090 1034 2126 adiunctis.

215 2149 269 2195 (2)
295 2149 368 2195 Op.
393 2159 428 2185 et
456 2150 478 2184 1.
505 2161 600 2184 nunc
629 2149 686 2185 cit.
717 2170 757 2175 -—
786 2149 943 2184 Historia
970 2160 1080 2192 sacra,
1110 2149 1139 2184 Ι.
1167 2149 1259 2194 Reg.
1286 2148 1416 2190 XVII„
1446 2147 1554 2182 nobis

118 2208 267 2244 exhibet
292 2209 481 2255 gigantem
509 2208 670 2252 Goliath,
699 2209 757 2255 qui
781 2217 940 2243 armatus
959 2208 1167 2256 procedebat
1193 2219 1290 2242 mane
1317 2213 1348 2242 et
1363 2214 1498 2255 vespere
1520 2215 1554 2241 et

121 2266 297 2302 offerebat
323 2266 494 2302 Israelitis
521 2267 696 2303 duellum:
725 2268 839 2314 eligite
869 2279 909 2302 ex
946 2268 1042 2302 vobis
1079 2267 1195 2302 virum
1222 2272 1253 2302 et
1292 2265 1469 2301 deseendat
1507 2264 1553 2300 ad

119 2327 292 2374 singulare
319 2332 498 2362 certamen.
526 2327 630 2370 Quae
659 2339 742 2362 cum
770 2327 934 2363 audirent
960 2327 1044 2363 Saul
1075 2336 1110 2362 et
1149 2327 1348 2370 Israelitae‚
1375 2327 1552 2374 stupebant

117 2392 152 2422 ot
176 2387 366 2421 metuebant
391 2387 503 2421 nimis.
531 2386 692 2422 Surrexit
719 2387 836 2421 David
864 2397 897 2422 et
919 2387 1117 2435 praevaluit
1145 2387 1307 2422 adversus
1326 2386 1550 2422 Philistaeum

121 2447 158 2480 in
178 2445 295 2491 funda
322 2451 351 2480 et
376 2445 505 2492 lapide.
535 2445 686 2480 Videntes
711 2452 823 2480 autem
852 2447 1051 2488 Philistiim,
1079 2446 1164 2492 quod
1191 2451 1344 2481 mortuus
1369 2451 1450 2481 esset
1468 2445 1555 2491 for-

119 2505 268 2539 tissimus
293 2516 421 2545 eorum,
443 2503 622 2551 fugerunt.
648 2525 693 2531 —
719 2505 770 2540 Ex
810 2504 960 2540 historia
1000 2507 1167 2540 Romana
1205 2505 1346 2540 celebre
1386 2514 1438 2540 est
1478 2505 1556 2541 Titi

120 2564 249 2599 Manlii
276 2563 437 2600 duellum
465 2575 548 2599 cum
574 2564 689 2600 milite
710 2564 831 2603 Gallo,
850 2565 948 2611 quod
975 2564 1083 2600 refert
1110 2565 1154 2600 T.
1171 2564 1295 2600 Livius
1322 2564 1437 2600 LVII.
1457 2575 1486 2600 c.
1506 2574 1556 2600 10.
