1737 2802
72 248 234 291 merito
268 258 416 290 curant
439 258 480 290 et
504 245 642 290 debent
677 262 823 290 curare
857 245 936 306 (1),
961 258 1008 290 ut
1042 261 1135 289 earn
1171 245 1250 289 sibi
1275 245 1511 304 acquirant,

71 317 415 376 acquisitamque
457 330 712 360 conservent
747 331 874 376 atque
897 329 1093 375 augeant.
1131 317 1279 370 Quare
1302 315 1512 374 quemad-

72 388 263 432 modum
299 389 456 432 iniuria
490 401 568 445 est,
600 388 782 432 alterum
817 388 1054 447 exspoliare
1088 388 1262 446 divitiis,
1297 403 1400 446 quas
1443 386 1513 431 ille

73 476 288 504 manuum
334 459 481 504 labore
513 459 592 503 sibi
631 462 910 518 comparavit3
944 461 1000 504 ita
1047 461 1202 503 iniuria
1251 473 1329 514 est,
1378 476 1512 518 eaque

75 533 271 589 gravior,
319 532 501 575 alterurn
551 533 716 589 privare
765 532 882 576 bono
931 533 1127 590 nomine,
1175 531 1294 590 quod
1342 532 1512 575 virtutis

69 603 280 646 exercitio
315 603 394 646 sibi
429 602 609 661 adeptus
643 616 719 647 est.
753 604 870 660 Dixi,
899 604 1082 660 gravior:
1127 615 1222 646 turn
1256 603 1356 661 quia
1401 602 1514 646 fama

79 686 144 717 est
176 673 344 716 bonum
378 674 662 731 praestantius
698 689 826 731 quam
862 672 1035 717 divitiae
1067 673 1155 731 (2),
1187 686 1282 717 tum
1316 674 1416 731 quia
1448 672 1514 716 fa-

74 743 205 788 cilius
239 756 304 787 est
338 744 506 787 divitias
537 760 668 802 quarn
703 744 860 788 famam
895 744 1027 788 semel
1076 745 1279 788 amissam
1330 761 1512 803 recupe-

77 830 182 859 rare.
218 816 270 858 Et
303 831 452 858 rursus
476 815 851 872 quemadmodum
876 815 1083 873 obligatio
1108 815 1227 860 adest
1253 816 1511 860 restituendi

73 886 247 930 divitias
280 887 439 930 iniuste
472 886 665 944 abreptas
699 899 740 930 et
774 886 996 944 reparandi
1031 887 1185 930 damna
1209 903 1260 930 ex
1293 887 1408 931 furto
1434 888 1512 931 de-

75 958 224 1014 rivata;
248 958 304 1000 ita
329 957 445 1000 adest
469 957 675 1014 obligatio
699 957 858 1000 famam
882 958 1038 1001 iniuste
1072 957 1228 1002 laesam
1254 958 1509 1002 restituendi

72 1041 120 1072 et
155 1027 307 1071 damna
340 1040 435 1071 orta
468 1044 518 1070 ex
551 1027 688 1071 famae
720 1027 908 1072 laesione
942 1029 1178 1086 reparandi.
1214 1053 1270 1062 —-
1310 1029 1508 1072 Iamvero

76 1100 210 1142 laesio
244 1098 384 1142 famae
415 1112 559 1156 potest
593 1099 785 1156 pluribus
821 1099 961 1142 modis
994 1098 1100 1143 fieri.

198 1170 347 1213 Potest
381 1171 476 1228 quis
510 1171 666 1213 iniuste
700 1170 872 1213 alterius
896 1169 1053 1214 famam
1077 1171 1242 1215 laedere
1274 1172 1316 1214 in
1346 1171 1510 1215 iudicio:

74 1240 290 1294 videlicet,
313 1242 348 1284 si
370 1251 581 1285 accusator
604 1243 657 1284 sit
681 1241 921 1285 accusando
945 1240 1067 1298 falso,
1092 1243 1126 1284 si
1151 1243 1262 1286 testis
1285 1244 1339 1286 sit
1361 1242 1510 1286 testifi-

76 1313 215 1356 cando
234 1313 356 1370 falso,
371 1314 407 1356 si
424 1314 546 1357 iudex
558 1315 611 1357 sit
625 1313 854 1357 iudicando
873 1315 1017 1371 inique
1030 1330 1105 1357 seu
1122 1315 1326 1357 iniustam
1341 1326 1510 1358 senten·

73 1385 183 1428 tiam
199 1384 474 1442 proferendo.
489 1386 602 1429 Nam
621 1400 704 1429 tres
724 1385 801 1428 hae
822 1401 1030 1443 personae
1049 1399 1215 1443 praeter
1234 1401 1356 1429 reum
1378 1386 1512 1429 maxi—

75 1471 150 1499 me
164 1468 427 1499 concurrunt
446 1457 490 1498 in
508 1456 684 1512 iudicio,
698 1470 919 1500 accusator
937 1458 1057 1500 testis
1076 1470 1117 1500 et
1135 1456 1275 1500 iudex.
1291 1482 1349 1490 -
1361 1457 1511 1500 Potest

73 1527 175 1584 quis
208 1527 367 1570 iniuste
402 1527 573 1570 alterius
607 1527 765 1570 famam
800 1527 965 1571 laedere
1015 1537 1133 1571 extra
1174 1527 1389 1572 indicium:
1423 1527 1507 1571 hoc

75 1609 222 1640 autern
257 1596 497 1655 dupliciter,
530 1599 754 1652 nimirum,
786 1598 901 1656 apud
932 1599 1035 1641 alios
1063 1613 1137 1655 per
1171 1597 1510 1656 diffamationem,

78 1681 119 1712 et
142 1669 255 1726 apud
275 1670 526 1727 semetipsum
545 1685 620 1727 per
642 1670 840 1712 ‘iudicium
866 1672 1128 1712 temerarium
1150 1668 1216 1712 vel
1241 1671 1508 1713 temerariam

73 1740 356 1798 suspicionem.
382 1741 448 1784 De
471 1739 652 1798 singulis
677 1740 871 1783 dicemus
897 1740 1162 1783 brevissime.
1178 1746 1232 1791 a)
1257 1739 1510 1783 Diffamatio

74 1810 362 1869 distinguitur
386 1811 559 1869 duplex:
583 1812 609 1855 i.
630 1827 663 1855 e.
689 1812 884 1855 detractio
919 1827 1027 1870 quae
1050 1810 1096 1854 fit
1124 1827 1198 1869 per
1221 1812 1423 1854 iniustam
1449 1810 1510 1869 (3)

174 2067 230 2115 (1)
255 2069 352 2115 Lege
379 2080 434 2111 ea,
464 2074 555 2115 quae
583 2067 739 2102 diximus
767 2079 882 2113 super.
911 2067 1001 2102 thes.
1028 2069 1109 2103 XX.
1137 2079 1219 2114 pag.
1247 2065 1335 2110 218„
1363 2068 1423 2101 ubi
1451 2067 1512 2101 de-

74 2129 364 2163 monstravimus
391 2139 511 2162 curam
539 2127 745 2162 habendam
773 2129 965 2174 unicuique
993 2139 1070 2162 esse
1099 2127 1141 2161 de
1169 2129 1266 2162 bono
1299 2128 1462 2162 nomine.

174 2187 229 2232 (2)
259 2202 275 2218 «
303 2188 434 2223 Melius
476 2197 528 2223 est
571 2199 707 2223 nomen
752 2189 916 2230 bonum,
960 2199 1067 2234 quam
1113 2188 1260 2221 divitiae
1303 2187 1460 2223 multae.
1490 2202 1506 2218 »

76 2249 182 2284 Prov.
209 2247 307 2281 XXI.
337 2259 365 2282 1.
391 2268 437 2275 —
461 2249 595 2283 «Inter
620 2248 798 2282 exteriora
827 2249 936 2289 bona,
966 2249 1013 2282 ait
1041 2259 1066 2282 s,
1087 2248 1264 2289 Thomas,
1284 2257 1314 2281 2.
1336 2256 1370 2282 2.
1400 2259 1431 2293 q.
1453 2256 1508 2290 73.

69 2319 106 2341 .a.
138 2315 178 2349 3.,
204 2305 301 2340 sama
327 2308 549 2352 praeeminet
576 2308 720 2351 divitiis,
739 2318 782 2342 eo
809 2307 904 2353 quod
933 2308 1169 2354 propinquior
1194 2317 1246 2343 est
1267 2307 1511 2353 spiritualibus

72 2366 193 2400 bonis.
211 2378 233 2398 >>

168 2426 222 2470 (3)
249 2425 342 2465 Dixi,
372 2426 546 2459 iniustam.
565 2426 708 2460 Etenim
726 2435 843 2471 potest
865 2427 940 2472 quis
960 2426 1156 2474 aliquando
1178 2427 1312 2461 habere
1333 2427 1386 2461 ius
1405 2436 1511 2473 atque

66 2485 181 2519 etiarn
208 2485 371 2519 debitum
400 2484 656 2520 manifestandi
696 2485 820 2528 alicui,
851 2497 880 2520 e.
912 2498 946 2532 g.
972 2487 1165 2532 superiori,
1195 2498 1322 2521 verum
1363 2486 1511 2522 alterius

71 2544 211 2579 crimen
238 2555 383 2591 propter
411 2545 603 2580 utilitatem
631 2546 705 2580 sive
733 2546 914 2592 propriam
943 2546 1015 2580 sive
1035 2546 1190 2581 aliorum
1211 2547 1286 2581 sive
1311 2547 1424 2592 ipsius
1451 2545 1511 2580 de-

75 2604 282 2652 linquentis.
