1737 2802
791 120 1059 162 ...174—

205 205 368 257 dicam,
403 219 602 246 assensus
637 216 676 247 et
710 202 980 246 certitudo.»
1019 227 1077 236 —
1109 202 1177 247 Ad
1226 201 1333 246 hanc
1380 202 1635 248 solvendam

208 275 504 319 difficultatem
543 288 727 333 quatuor
761 274 863 318 haec
901 274 1213 320 animadverto.

333 347 384 406 α)
417 348 646 405 Perperani
681 360 806 405 atque
829 348 973 404 inepte
1006 361 1027 388 a
1060 347 1280 392 nonnullis
1303 347 1405 391 haec
1438 346 1638 392 obiicitur

208 418 436 463 difficultas
470 419 521 463 ad
555 418 956 477 demonstrandum,
981 419 1289 464 revelationem
1318 419 1549 464 mediatam
1572 435 1637 464 re-

209 506 418 550 pugnare.
442 492 499 534 Ea
523 492 654 545 enim,
679 504 723 534 ut
758 490 983 536 manifeste
1007 504 1132 550 patet,
1152 490 1193 535 id
1216 507 1305 535 non
1330 491 1494 550 probat:
1523 491 1638 535 aliud

209 565 395 606 omnino
429 576 508 620 est,
541 563 658 621 quod
693 563 834 620 efficit,
867 565 902 606 si
937 563 1039 622 quid
1073 562 1243 621 probat,
1276 578 1445 622 nempe,
1478 576 1525 607 ut
1552 564 1638 606 iam
1696 558 1697 561 ¹

209 635 378 678 dictum
417 648 496 691 est,
529 635 776 678 revelationi
827 635 1037 679 mediatae
1086 650 1309 678 assensum
1357 650 1446 678 non
1494 634 1638 679 deberi

213 707 322 750 adeo
354 705 545 761 firmum,
578 719 623 749 ut
671 706 959 751 immediatae.
997 706 1082 751 Sed
1126 722 1178 749 ne
1211 705 1294 767 hoc
1342 705 1514 764 quidem
1561 706 1640 750 de-

213 790 445 821 monstrat.
1413 766 1415 768 .

333 848 390 909 β)
422 851 617 907 Negatur
649 850 763 893 enim
799 851 954 907 paritas
988 851 1099 894 inter
1132 850 1434 894 revelationem
1469 849 1638 894 media-

213 934 318 978 tam,
352 922 472 964 cuius
507 934 655 964 auctor
688 934 751 964 est
794 922 925 978 homo,
959 934 999 965 et
1047 921 1177 979 illam,
1211 923 1330 965 cuius
1379 934 1528 965 auctor
1577 934 1641 966 est

209 994 340 1037 Deus.
374 994 485 1037 Nam
519 994 591 1051 qui
626 992 818 1037 defectus
853 995 894 1036 in
930 993 1187 1037 revelatione
1231 993 1415 1037 mediata
1459 994 1641 1036 humana

210 1064 355 1107 solent
387 1080 435 1107 ex
470 1078 585 1121 parte
620 1064 825 1122 plurium,
859 1066 930 1122 qui
967 1065 1269 1117 interveniunt,
1304 1064 1640 1122 proponentium

215 1135 379 1192 adesse,
413 1137 439 1178 ii
474 1151 626 1178 omnes
661 1149 843 1193 possunt
878 1138 918 1178 in
963 1135 1219 1179 revelatione
1264 1134 1447 1178 mediata
1493 1134 1640 1178 divina

213 1207 266 1250 *ab
300 1208 615 1264 omnipotentia
647 1208 730 1250 Dei
764 1223 785 1250 e
818 1206 964 1250 medio
998 1207 1088 1250 tolli
1122 1223 1196 1250 seu
1231 1206 1443 1264 impediri.

338 1280 387 1338 γ)
421 1281 602 1337 Insuper
635 1279 842 1336 distingui
875 1293 1069 1323 accurate
1104 1279 1259 1323 debent
1293 1279 1393 1322 haec
1427 1278 1530 1334 duo,
1562 1279 1643 1336 ipse

206 1351 313 1410 fidei
343 1366 529 1394 assensus
563 1364 689 1409 atque
719 1353 894 1409 praevia
926 1352 1016 1395 huic
1048 1353 1233 1395 assensui
1274 1351 1424 1395 indicia
1467 1349 1644 1394 credibi-

214 1422 359 1465 litatis.
377 1424 590 1466 Assensus
609 1423 706 1465 fidei
724 1424 921 1466 innititur
943 1424 1195 1467 auctoritate
1219 1423 1458 1467 revelantis:
1477 1423 1645 1480 praevia

217 1494 287 1538 illa
319 1494 474 1538 iudicia
498 1494 784 1537 credibilitatis
809 1496 1053 1538 innituntur
1082 1496 1131 1538 iis
1156 1495 1357 1538 omnibus
1381 1494 1644 1551 argumentis

219 1582 294 1609 seu
344 1566 592 1621 rationibus,
626 1582 732 1624 quae
781 1566 1013 1610 ostendunt
1062 1568 1206 1610 Deum
1256 1582 1402 1624 reapse
1449 1565 1642 1608 locutum

211 1654 323 1681 esse.
358 1639 554 1682 Iamvero
587 1638 765 1681 firmitas
799 1654 999 1682 assensus
1034 1638 1129 1683 fidei
1164 1654 1251 1682 non
1286 1650 1559 1682 mensuratur
1592 1654 1644 1681 ex

218 1709 410 1766 illorum,
445 1726 550 1768 quae
595 1723 882 1768 praevertunt,
915 1712 1174 1754 iudiciorum
1210 1710 1475 1754 certitudine:
1511 1709 1643 1754 dum-

221 1781 355 1825 modo
380 1783 494 1825 enim
520 1782 621 1826 haec
653 1782 864 1826 certitudo
898 1782 1022 1840 adsit,
1050 1785 1139 1826 sive
1174 1783 1310 1825 maior
1344 1783 1398 1824 sit
1432 1781 1646 1825 evidentia

214 1854 395 1904 sive,sit
428 1854 585 1908 minor,
619 1853 785 1897 debebit
831 1871 1003 1912 semper
1036 1871 1057 1897 a
1088 1854 1305 1897 voluntate
1338 1855 1537 1912 imperari
1571 1869 1642 1897 as-

220 1940 373 1968 sensus
406 1923 618 1969 firmitatis
653 1926 860 1970 eiusdem.
887 1927 1024 1970 Cuius
1060 1928 1120 1969 rei
1154 1926 1257 1969 haec
1290 1938 1353 1969 est
1385 1927 1508 1983 ratio,
1548 1927 1646 1984 quia

220 1997 392 2054 praevia
413 1996 483 2040 illa
508 1997 662 2040 iudicia
681 2014 724 2041 se
744 1997 897 2041 liabent
921 2011 1143 2056 tamquam
1168 1997 1451 2054 conditiones,
1471 2010 1517 2040 ut
1540 1996 1646 2040 fides

223 2068 360 2125 possit
393 2084 412 2110 a
446 2068 666 2112 voluntate
703 2069 935 2127 prudenter
968 2082 1009 2112 et
1043 2068 1351 2112 rationabiliter
1385 2069 1598 2126 imperari.

343 2136 389 2198 ὂ)
424 2140 623 2183 Tandem
660 2141 761 2184 baec
795 2157 892 2184 cum
928 2141 1083 2184 eodem
1133 2142 1291 2184 eximio
1340 2140 1519 2185 doctore
1566 2140 1646 2185 ad-

223 2224 358 2255 verto:
385 2230 403 2252 «
418 2212 615 2256 eamdem
639 2213 724 2256 fere
744 2213 1035 2257 difficultatem
1056 2230 1147 2257 esse
1167 2214 1209 2256 in
1234 2214 1533 2272 propositione
1551 2211 1648 2257 fidei

223 2284 391 2326 etiamsi
426 2300 446 2326 a
481 2285 576 2328 Deo
612 2286 840 2329 immediate
874 2285 958 2330 fiat.
982 2287 1093 2329 Nam
1129 2286 1202 2344 qui
1224 2285 1340 2329 illam
1374 2286 1537 2344 recipit,
1558 2301 1648 2330 non

223 2352 340 2396 videt
373 2354 591 2398 evidenter
624 2356 768 2399 Deum
803 2371 910 2414 esse,
943 2357 1016 2413 qui
1058 2355 1268 2414 loquitur,
1304 2355 1475 2413 quando
1524 2371 1649 2399 reve-

224 2425 328 2467 latio
362 2438 424 2468 est
457 2426 652 2480 obscura,
688 2440 816 2485 prout
850 2428 901 2472 ad
935 2427 1063 2471 fidem
1097 2429 1332 2472 necessaria
1365 2440 1443 2472 est.
1486 2427 1647 2471 Eadem

226 2512 331 2553 ergo
351 2497 570 2541 difficultas
595 2500 863 2557 relinquitur,
884 2500 1110 2558 quomodo
1133 2500 1226 2544 talis
1250 2500 1490 2559 propositio
1513 2500 1649 2558 possit

220 2567 422 2612 ,sufficere
454 2569 505 2613 ad
529 2571 829 2614 certitudinem
854 2571 1112 2615 infallibilem
1137 2571 1249 2616 fidei.
1273 2572 1516 2630 Responsio
1540 2586 1648 2628 ergo
