1737 2802
763 141 1028 195 ..195-

302 237 355 282 II.
392 238 600 291 Quaeres:
633 251 794 294 ergone
828 235 969 279 divina
1003 235 1157 279 harum
1186 234 1457 279 rationalium
1492 235 1606 280 veri-

183 324 319 355 tatum
354 310 553 354 revelatio
586 321 650 353 est
685 308 862 353 dicenda
906 308 1170 353 necessaria?
1204 308 1317 351 Huic
1364 307 1609 366 quaestioni

185 386 244 427 sic
276 383 459 427 breviter
490 382 589 441 (hac
623 383 738 425 enim
772 381 823 425 de
857 397 900 424 re
936 381 1207 439 pertractatio
1256 392 1419 439 spectat
1462 380 1613 439 potius

185 455 235 499 ad
274 453 557 513 Theologos)
590 452 845 511 respondeo:

303 525 523 571 Revelatio
556 524 698 568 divina
731 536 793 568 est
818 523 1028 567 moraliter
1060 523 1310 580 necessaria,
1339 534 1386 566 ut
1419 537 1480 580 ea,
1503 536 1613 581 quae·

185 599 226 640 in
260 596 376 641 rebus
397 596 551 640 divinis
573 596 774 639 humanae
807 596 959 638 rationi
982 603 1055 653 per
1089 610 1128 638 se
1150 595 1353 653 impervia
1386 609 1468 638 non
1499 603 1614 652 sunt,

184 669 233 714 ab
266 669 484 726 omnibus,
517 667 729 727 expedite,
754 666 876 711 firma
910 666 1170 711 certitudine
1203 679 1244 710 et
1269 665 1389 710 nullo
1418 665 1612 710 admixto

186 758 332 787 errore
365 744 407 786 in
434 742 636 801 praesenti
667 756 819 800 quoque
849 741 1022 783 humani
1061 741 1218 798 generis
1260 738 1485 783 conditione
1534 754 1614 783 co·-

185 815 337 873 gnosci
370 815 550 874 possint.
573 840 632 846 ——
655 812 882 867 Quaedam
919 812 1049 856 huius
1083 811 1331 854 assertionis
1355 810 1481 855 verba
1512 810 1612 856 bre-

184 888 293 931 viter
325 900 424 931 sunt
456 885 713 944 explicanda:
748 886 796 928 iis
830 899 971 929 autem
1008 884 1246 943 explicatis,
1278 885 1434 928 veritas
1467 900 1613 928 asser-

185 959 316 1003 tionis
350 975 401 1002 ex
433 958 555 1002 dictis
588 957 867 1015 intelligetur.

306 1030 358 1089 α)
391 1029 610 1076 Revelatio
633 1028 788 1073 dicitur
811 1029 987 1087 quidem
1013 1031 1264 1087 necessaria,
1288 1028 1363 1073 sed
1386 1028 1613 1072 moraliter.

185 1128 243 1137 —
275 1103 580 1147 Necessarium
610 1102 765 1160 physice
789 1100 942 1144 dicitur
977 1101 1036 1157 id,
1063 1102 1186 1145 cuius
1211 1099 1379 1145 defectu
1413 1100 1499 1144 iam
1522 1114 1611 1143 non

186 1174 368 1233 amplius
402 1172 580 1217 habetur
612 1174 803 1231 potentia
837 1173 1014 1232 physica
1050 1172 1212 1232 aliquid
1246 1171 1398 1231 agendi
1433 1171 1500 1216 vel
1535 1187 1614 1215 co-

185 1245 437 1304 gnoscendi.
481 1246 784 1290 Necessarium
833 1261 934 1289 vero
978 1246 1191 1290 moraliter
1239 1245 1394 1289 dicitur
1426 1243 1484 1302 id,
1516 1244 1611 1288 sine

187 1334 275 1378 quo
307 1317 424 1362 adest
472 1317 647 1376 quidem
691 1319 882 1377 potentia
930 1318 1108 1377 physica
1151 1317 1312 1378 aliquid
1344 1317 1498 1380 agendi
1543 1316 1614 1361 vel

188 1390 493 1449 cognoscendi,
516 1390 590 1434 sed
623 1403 687 1434 tot
708 1392 920 1449 tantisque
945 1390 1178 1435 obstaculis
1202 1389 1613 1449 difficultatibusque

185 1461 406 1521 impedita,
453 1475 512 1519 ut,
560 1463 756 1520 spectatis
807 1461 1002 1506 moribus
1052 1462 1302 1516 hominurn,
1339 1474 1504 1506 certum
1554 1461 1610 1505 sit

187 1551 281 1579 eam
314 1534 427 1579 haud
460 1550 552 1578 esse
586 1534 637 1578 ad
670 1547 812 1578 actum
845 1547 1089 1580 venturam.

304 1605 361 1666 β)
393 1607 547 1650 Sermo
581 1619 643 1651 est
676 1606 721 1650 de
755 1609 819 1661 iis,
852 1623 955 1665 qnae
991 1609 1035 1651 in
1068 1606 1188 1651 relms
1221 1606 1379 1651 divinis
1410 1607 1618 1650 humanae

185 1678 340 1722 rationi
368 1687 440 1737 per
471 1695 509 1722 se
541 1680 744 1738 impervia
792 1696 871 1724 non
904 1689 1012 1724 sunt.
1047 1705 1107 1712 —
1139 1680 1215 1724 Est
1262 1695 1420 1738 nempe
1467 1693 1615 1722 sermo

184 1748 239 1793 de
272 1748 524 1794 collectione
552 1766 698 1794 earum
722 1752 971 1804 veritatum,
998 1767 1106 1810 quae
1139 1752 1182 1795 in
1206 1752 1355 1810 quavis
1380 1749 1617 1810 hypothesi

186 1820 239 1864 ad
286 1820 543 1879 religionem
576 1823 803 1880 pertinent:
839 1836 939 1866 sunt
971 1836 1115 1867 autem
1165 1823 1369 1880 dogmata
1415 1822 1468 1867 de
1515 1823 1616 1866 Deo

187 1904 392 1948 creatore,
427 1893 684 1951 legislatore,
707 1894 845 1938 iudice
878 1910 924 1939 ac
957 1895 1045 1939 fine
1079 1894 1271 1939 hominis
1308 1894 1480 1952 ultimo,
1514 1909 1612 1938 nec-

186 1979 276 2007 non
308 1963 512 2022 dogmata
543 1965 595 2009 de
626 1967 792 2011 animae
825 1967 1166 2026 immortalitate,
1198 1967 1250 2012 de
1292 1967 1458 2012 futurae
1500 1968 1616 2011 vitae

186 2188 371 2235 postulat?
398 2188 457 2235 qui
492 2188 719 2234 disciplinam
760 2201 873 2233 suam,
901 2202 976 2225 non
1016 2191 1303 2227 ostentationem
1341 2192 1525 2235 scientiae,
1552 2190 1617 2227 sed

186 2248 306 2294 legem
332 2249 426 2282 vitae
451 2248 576 2294 putet?
603 2249 662 2295 qui
687 2249 920 2295 obtemperet
947 2250 1026 2296 ipse
1050 2251 1118 2285 sibi
1146 2261 1180 2287 et
1200 2251 1351 2287 decretis
1377 2252 1452 2287 suis
1471 2251 1622 2298 pareat?

185 2307 321 2342 Videre
347 2307 429 2343 licet
455 2308 547 2343 alios
572 2318 670 2344 tanta
697 2308 841 2344 levitate
861 2310 903 2345 'et
931 2311 1136 2356 iactatione,
1164 2320 1202 2347 ut
1227 2311 1272 2347 iis
1296 2311 1403 2347 fuerit
1441 2323 1517 2347 non
1557 2311 1616 2346 di-

184 2365 318 2400 dicisse
357 2366 498 2410 melius,
525 2366 616 2403 alios
653 2369 828 2414 pecuniae
868 2369 1030 2416 cupidos,
1060 2369 1199 2417 gloriae
1236 2371 1444 2414 nonnullos,
1478 2370 1621 2406 multos

186 2425 379 2461 libidinum
406 2439 542 2470 servos,
572 2438 609 2464 ut
636 2440 717 2463 cum
745 2440 875 2464 eorum
915 2430 988 2465 vita
1015 2429 1230 2466 mirabiliter
1266 2441 1403 2478 pugnet
1440 2432 1572 2468 oratio.
1599 2445 1621 2465 J>

186 2485 365 2529 Iamvero‚
393 2496 430 2522 ut
457 2497 554 2522 recte
591 2487 742 2523 advertit
782 2488 1003 2533 Lactantius,
1044 2490 1117 2527 div,
1155 2490 1306 2527 institut.
1343 2490 1366 2526 l.
1392 2491 1450 2526 111.
1482 2501 1510 2526 c.
1543 2489 1619 2534 16.,

189 2559 207 2575 «ι
228 2546 286 2592 qui
325 2545 455 2583 docent
492 2555 646 2588 tantum,
680 2559 747 2582 nec
785 2546 939 2593 faciunt,
970 2549 1037 2595 ipsi
1078 2551 1279 2597 praeceptis
1315 2550 1388 2586 suis
1424 2549 1622 2586 detrahunt

185 2605 340 2651 pondus
369 2618 390 2640 »

1730 243 1735 250 .
1690 0 1737 163 :senff-35³
