1737 2802
665 138 723 161 ..‘..
756 128 842 183 269
873 137 934 160 -”

83 238 168 282 que
200 238 304 280 ergo
337 236 376 266 te
408 238 545 279 gera8‚
578 221 884 280 vituperaberis
918 220 966 264 ab
1002 220 1264 264 hominibus.
1308 222 1507 264 Iamvero

83 295 191 338 ratio
223 293 425 338 naturalis
470 293 614 347 dictat,
648 293 800 337 debere
833 307 913 335 nos
957 291 1311 349 approbationem
1347 304 1387 334 et
1419 291 1509 334 lau—

85 365 183 409 dem
217 367 410 409 virorum
445 367 687 424 sapientum
721 378 762 409 et
797 364 1034 423 proborum
1079 363 1287 422 praeferre
1337 366 1508 422 opinio-

84 436 207 481 nibus
261 437 559 495 praeiudicatis
615 436 845 480 hominum
900 436 1197 494 insipientium
1250 448 1291 478 et
1342 437 1508 493 impio-

63 525 183 553 trum
215 508 302 568 (1).
334 535 390 542 —
423 507 471 568 β)
506 509 626 562 Quid
660 507 777 566 quod
810 507 922 566 apud
969 508 1086 565 ipsos
1130 506 1374 550 mundanos
1425 507 1509 550 ho-

85 582 224 624 mines
273 582 417 624 omnis
451 582 572 624 vitari
623 592 766 638 potest
813 580 971 623 iactura
1020 579 1214 633 honoris,
1249 592 1342 622 tum
1391 592 1509 623 actus

83 668 207 696 verae
240 651 522 710 fortitudinis,
557 652 650 696 data
683 652 924 706 occasione,
966 649 1221 707 exercendo,
1254 662 1347 693 tum
1382 652 1509 694 etiam

85 725 142 767 ita
173 723 477 782 respondendo
510 723 679 767 laesori:
713 723 773 766 Ut
808 724 913 765 scias
949 737 1016 765 me
1050 736 1138 764 non
1171 738 1263 765 esse
1302 722 1507 766 timidum

86 807 126 839 et
159 796 378 853 ignavum,
415 807 586 851 paratus
621 810 717 837 sum
754 808 822 836 me
867 792 1108 850 defendere,
1143 792 1506 851 quandocumque

85 881 154 910 me
187 866 403 924 invaseris3
439 864 540 909 nolo
574 878 717 908 tamen
742 881 791 907 ex
825 864 1024 908 condicto
1049 864 1239 908 duellum
1275 878 1508 922 acceptare,

84 938 183 994 quia
215 935 381 980 divinae
414 935 498 993 legi
534 937 797 979 contrarium
826 948 890 979 est
912 935 991 994 (2).
1016 963 1073 967 —
1109 956 1130 975 «
1150 936 1194 980 Si
1227 937 1291 978 vir
1323 935 1507 979 liberalis

85 1023 131 1051 ac
163 1007 432 1066 splendidu8‚
467 1023 574 1065 quae
607 1020 670 1051 est
693 1020 786 1065 apta
822 1008 1086 1065 comparatio
1111 1006 1230 1051 allata
1252 1024 1273 1050 a
1296 1009 1407 1052 Viva
1430 1010 1509 1064 (3),

83 1078 334 1122 invitaretur
365 1078 431 1121 vel
466 1078 516 1122 ad
550 1077 813 1137 proiicienda
844 1077 910 1121 vel
943 1077 995 1121 ad
1026 1078 1216 1122 vocanda
1263 1080 1304 1122 in
1338 1080 1503 1138 pericu-

82 1149 175 1194 lum
209 1151 357 1194 omnia
390 1149 501 1193 bona
535 1166 624 1207 sua,
657 1151 909 1207 insipienter
934 1162 1198 1208 operaretur,
1233 1151 1267 1192 si
1300 1163 1507 1193 annueret

84 1221 135 1265 ad
169 1221 465 1265 declinandam
489 1234 637 1265 notam
672 1221 858 1279 aliquam
882 1222 1093 1277 avaritiae3
1127 1223 1226 1280 quia
1259 1238 1390 1266 nemo
1415 1238 1512 1266 cor-

83 1292 206 1337 datus
239 1292 296 1335 illi
329 1305 477 1336 notam
501 1292 631 1336 ullam
665 1293 868 1350 inureret,
894 1292 968 1336 sed
1001 1294 1144 1351 potius
1168 1293 1389 1337 laudarent
1415 1309 1508 1337 om-

82 1379 158 1407 nes
187 1364 320 1407 animi
353 1364 441 1405 vim
478 1363 754 1421 repellentem
790 1363 1100 1407 irrationabiles
1135 1364 1389 1408 huiusmodi
1441 1366 1510 1408 in-

83 1435 318 1478 citationes.
345 1434 460 1478 Cum
495 1447 638 1477 autem
662 1434 792 1493 longe
827 1448 1009 1493 praestet
1031 1435 1156 1478 bonis
1189 1435 1393 1479 omnibus
1419 1435 1513 1479 for-

81 1518 208 1549 tunae
239 1505 340 1562 vita,
374 1504 512 1548 multo
547 1505 683 1562 magis
718 1518 966 1563 operaretur
1000 1506 1251 1564 insipienter
1283 1507 1347 1548 vir
1376 1522 1508 1564 eque-

83 1577 182 1620 stris
214 1577 257 1619 in
290 1576 532 1635 periculum
564 1576 761 1620 vocando
795 1578 1014 1635 propriam
1048 1591 1088 1620 et
1131 1576 1310 1620 alienam
1357 1577 1506 1634 vitam,

83 1659 213 1707 prout
245 1659 407 1691 temere
440 1660 714 1706 provocatur,
747 1664 799 1691 ne
832 1648 1071 1692 timiditatis
1109 1661 1258 1692 notam
1307 1649 1519 1707 incurrat;.

83 1734 183 1762 curn
230 1733 360 1762 nemo
395 1734 519 1762 sanae
571 1720 726 1762 mentis
759 1718 819 1761 illi
868 1731 1017 1762 notam
1067 1718 1195 1762 ullam
1243 1720 1398 1777 inurat,
1432 1719 1507 1763 sed

81 1791 226 1849 potius
261 1790 591 1834 commendetur
624 1792 794 1834 animus
828 1790 1036 1849 repellens
1061 1790 1314 1835 huiusmodi
1347 1806 1510 1849 provo-

82 1861 270 1905 cationes
303 1861 463 1919 probro
497 1874 538 1905 et
571 1861 737 1920 capitali
771 1878 911 1920 poena
945 1861 1113 1920 dignas,
1136 1880 1160 1903 »

82 2048 136 2084 les
162 2048 318 2084 Chinois
344 2050 374 2084 si
402 2048 744 2085 recommandables
774 2061 835 2095 par
861 2048 894 2083 la
922 2059 1067 2095 sagesse
1094 2048 1139 2083 de
1166 2048 1262 2083 leurs
1289 2049 1368 2091 lois,
1388 2049 1518 2083 n'ima·

84 2107 248 2152 ginerent
273 2108 375 2154 point
403 2107 460 2155 qu’
477 2108 502 2142 il
528 2121 552 2155 y
578 2110 635 2143 eut
665 2107 708 2142 de
750 2107 772 2141 l'
788 2108 955 2142 honneur
983 2110 1002 2142 a
1040 2119 1088 2142 un
1128 2108 1275 2154 citoyen
1315 2098 1518 2154 d'usurper¹

83 2165 119 2201 la
144 2166 332 2212 puissance
357 2167 405 2202 du
432 2167 565 2214 glaive,
594 2178 687 2213 pour
713 2178 751 2202 se
793 2166 883 2202 faire
909 2168 1038 2213 justice
1064 2169 1083 2201 a
1116 2167 1332 2211 soi-meme,
1359 2179 1407 2202 ou
1445 2179 1514 2214 que

83 2236 176 2272 pour
201 2220 331 2261 effacer
356 2226 390 2261 Ia
414 2227 528 2262 honte
555 2226 588 2261 d'
603 2238 651 2261 un
678 2226 824 2269 affront,
850 2227 873 2261 il
902 2226 1005 2262 fallat
1031 2227 1061 2261 s’
1077 2237 1231 2273 exposer
1257 2229 1277 2262 ὲ.
1304 2228 1402 2274 perir
1427 2239 1520 2263 sous*

84 2284 136 2319 les
161 2295 274 2331 coups
299 2284 343 2319 de
369 2285 462 2320 celui
489 2286 577 2321 dont
604 2297 653 2320 on
680 2286 703 2320 l’
720 2298 738 2321 a
764 2297 857 2330 recu.
877 2298 899 2320 »

180 2343 236 2389 (ι)
264 2344 343 2378 Huc
368 2343 506 2380 faciunt
530 2346 638 2380 verba
665 2356 692 2381 S.
719 2345 888 2381 Thomae
914 2355 1030 2391 super.
1056 2344 1164 2380 allata
1191 2357 1275 2392 pag.
1303 2355 1382 2392 243.

179 2403 233 2449 (2)
259 2403 319 2440 Cf.
349 2405 546 2449 Bemnurn,
572 2405 616 2440 de
640 2406 720 2440 virt.
756 2404 921 2450 theolog.
948 2416 1026 2451 cap.
1050 2404 1183 2440 XXVI.
1211 2414 1348 2452 quaest.
1373 2406 1418 2441 V.

177 2462 234 2509 (3)
257 2463 298 2498 In
325 2475 460 2501 comm.
487 2464 530 2498 ad
558 2464 744 2499 damnatas
771 2463 892 2499 theses
917 2465 960 2498 ab
993 2463 1198 2500 Alexandro
1222 2464 1310 2508 VII.‚
1338 2475 1426 2511 quas
1453 2465 1513 2499 in-

84 2529 140 2556 ter
160 2519 250 2557 haec
275 2522 417 2570 legitur:
447 2523 543 2557 «Vir
569 2524 743 2570 equestris
769 2523 814 2558 ad
841 2522 1002 2558 duellum
1029 2531 1248 2570 provocatus
1275 2532 1396 2570 potest
1422 2522 1513 2558 illud

85 2588 285 2626 acceptare,
310 2592 357 2617 ne
384 2581 590 2618 timiditatis
615 2591 743 2618 notam
772 2582 867 2629 apud
895 2581 987 2618 alios
1014 2582 1217 2618 incurrat.»
