1737 2802
810 102 868 111 -
903 91 984 134 342
1020 103 1078 112 -·

224 172 434 215 For-malis
467 184 611 215 autern
646 172 806 216 falsitas
840 185 920 230 est,
943 173 1116 231 quando
1150 174 1246 232 quis
1270 173 1463 218 iudicans
1499 174 1658 229 falsum

225 261 317 288 csse
353 245 392 287 id
427 244 546 302 quod
580 244 695 298 dicit,
730 244 834 288 illud
869 244 1064 302 affirmat,
1087 258 1159 289 aut
1184 248 1435 290 existimans
1469 262 1562 291 esse
1585 263 1661 291 ve-

224 332 336 372 rum,
371 315 472 358 illud
507 328 648 374 negat3
682 330 722 359 et
773 316 855 360 hoc
895 330 958 361 est
1007 320 1181 376 proprie
1232 318 1523 376 mendacium,
1558 317 1660 362 licet

227 387 499 430 materialiter
548 388 768 444 contingat
816 404 966 432 verum
1017 405 1109 433 esse
1147 390 1207 448 id,
1238 389 1357 449 quod
1405 388 1663 447 affirmatur,

225 459 289 501 vel
325 459 479 501 falsum
516 458 571 515 id,
594 459 712 516 quod
746 473 926 517 negatur
959 460 1044 519 (1).
1070 487 1126 494 —
1151 459 1365 519 Quaeres,
1398 473 1545 505 utrum
1579 476 1656 504 ex-

227 545 369 587 pressa
403 531 584 573 intentio
619 530 790 574 fallendi
825 531 930 575 alios
966 534 1019 575 sit
1053 532 1214 591 aliquid
1250 531 1476 576 essentiale
1508 544 1548 575 et
1583 532 1659 575 in·
1690 537 1692 540 ’

225 602 459 644 trinsecum
485 603 565 658 ipsi
590 602 830 646 mendacio.
858 604 1136 661 Respondeo,
1163 604 1422 662 praedictam
1446 603 1658 647 intentio-

223 687 323 714 nem
347 672 481 715 videri
515 673 673 731 aliquid
707 675 996 717 extrinsecum
1033 674 1277 729 mendacio,
1310 691 1384 718 seu
1420 690 1466 718 se
1501 674 1661 718 habere

226 759 301 800 per
319 743 513 787 accidens
537 744 588 786 ad
613 744 902 789 mendacium.
923 746 1049 799 Quae
1074 758 1138 789 est
1160 748 1374 790 sententia
1399 762 1433 790 S.
1452 745 1662 790 Thomae·

225 815 285 857 sic
319 817 468 858 aientis
503 815 588 874 (2):
629 816 804 869 «Quod
830 816 980 875 aliquis
1016 818 1206 861 intendat
1230 817 1455 862 falsitatem
1491 819 1533 862 in
1558 819 1652 875 opi-

228 889 354 931 nione
388 887 562 929 alterius
598 888 860 930 constituere
909 887 1093 931 fallendo
1143 890 1305 947 ipsum,
1335 905 1423 932 non
1471 891 1662 948 pertinet:

163 976 168 983 ²
225 958 275 1001 ad
310 959 497 1016 speciem
533 957 760 1012 mendacii,
795 958 870 1002 sed
894 958 944 1002 ad
968 959 1199 1017 quamdam
1238 960 1549 1019 perfectionem
1584 962 1654 1019 ip-

225 1031 368 1073 sius.»
405 1030 553 1087 Itaque
587 1031 695 1072 ratio
736 1030 947 1073 mendacii
981 1031 1024 1073 iu
1052 1030 1135 1074 hoc
1169 1031 1418 1092 absolvitur,
1450 1033 1576 1091 quod·
1603 1033 1661 1075 sit

223 1102 367 1145 locutio
401 1109 538 1144 contra
573 1110 757 1145 mentem.

341 1174 393 1216 II.
428 1172 615 1230 Vulgata
648 1186 710 1216 est
745 1173 899 1216 divisio
949 1173 1161 1217 mendacii
1213 1175 1255 1217 in
1288 1174 1477 1233 iocosum,
1510 1176 1655 1235 officio-

221 1260 327 1301 sum,
358 1245 641 1302 perniciosum.
677 1271 734 1275 —
766 1245 975 1288 Iocosum
1010 1258 1072 1288 est
1117 1245 1240 1303 illud,
1273 1246 1391 1304 quod
1425 1262 1504 1290 nec
1545 1264 1658 1306 pro-

223 1316 317 1359 dest
350 1332 426 1359 nec
460 1330 587 1360 nocet
619 1316 761 1372 alicui,
798 1317 872 1360 sed
906 1317 1123 1375 profertur
1156 1319 1239 1361 ioci
1278 1331 1447 1362 tantum
1481 1336 1562 1364 seu.
1590 1337 1659 1364 re-

224 1389 453 1431 creationis
488 1404 628 1445 causa,
660 1404 817 1445 nempe
852 1388 952 1431 boni
987 1388 1165 1432 alicuius
1200 1388 1458 1433 delectabilis
1492 1407 1658 1435 amore.

224 1458 490 1503 Officiosum
525 1472 588 1503 est
622 1459 740 1514 illud,
775 1459 893 1518 quod
926 1460 1050 1503 nobis
1084 1460 1150 1504 vel
1184 1460 1274 1503 aliis
1309 1460 1501 1518 prodest,
1525 1475 1565 1505 et
1599 1462 1661 1505 ob«

223 1531 330 1574 hanc
363 1531 555 1575 utilitatis
582 1533 778 1589 propriae
812 1531 878 1575 vel
908 1531 1067 1576 alienae
1101 1547 1272 1576 causam
1298 1532 1527 1590 profertur.
1553 1534 1661 1576 Per-

220 1603 437 1646 niciosum
472 1615 535 1645 est
568 1603 690 1660 illud,
713 1603 830 1661 quod
864 1604 1023 1647 iniuste
1060 1615 1276 1647 nocet.—
1300 1603 1486 1647 Duobus
1511 1618 1654 1648 autem

221 1674 365 1717 modis
402 1687 545 1732 potest
579 1691 671 1718 esse
705 1675 1017 1732 perniciosum:
1050 1675 1209 1732 primo,
1243 1675 1342 1732 quia
1375 1687 1438 1718 est
1471 1676 1658 1719 iniurio-

221 1761 319 1788 sum
354 1746 465 1800 Deo,
494 1746 740 1789 cuiusmodi
764 1759 827 1790 est
851 1763 982 1790 omne
1018 1746 1292 1790 mendacium
1318 1747 1360 1788 in
1385 1747 1510 1790 rebus
1535 1746 1658 1804 fidei,

221 1818 262 1860 in
297 1818 543 1860 iuramento
567 1830 662 1862 etc.:
698 1817 907 1876 secundo,
931 1819 1030 1876 quia
1058 1831 1122 1861 est
1146 1819 1408 1861 iniuriosum
1434 1821 1654 1876 proximo,

223 1902 269 1931 ut
302 1890 513 1947 contingit
546 1891 590 1933 in
625 1890 905 1948 detractione,
938 1890 1047 1933 falso
1098 1889 1355 1933 testimonio
1405 1902 1446 1932 et
1493 1891 1660 1948 iniquis

222 1961 510 2004 contractibus
544 1960 629 2020 (3)

315 2147 363 2192 (1)
392 2157 414 2179 «
429 2146 463 2181 Si
489 2158 576 2181 vero
603 2146 729 2192 aliquis
749 2145 955 2181 formaliter
983 2145 1115 2180 falsum
1134 2145 1243 2189 dicat,
1265 2146 1405 2180 habens
1422 2145 1655 2180 voluntatem

220 2207 353 2242 falsum
382 2207 536 2248 dicendi;
563 2207 648 2241 licet
674 2206 719 2241 sit
744 2218 870 2241 verum
898 2207 943 2250 id,
972 2207 1067 2253 quod
1106 2206 1246 2249 dicitur,
1273 2206 1490 2252 inquantum
1529 2214 1658 2240 tamen·

218 2267 426 2302 huiusmodi
454 2276 555 2301 actus
581 2273 634 2300 est
661 2267 890 2300 voluntarius
916 2275 950 2301 et
978 2266 1139 2308 moralis,
1162 2266 1271 2301 habet
1298 2277 1361 2312 per
1385 2277 1423 2301 se
1440 2265 1650 2307 falsitatem,

222 2336 256 2361 et
282 2339 344 2373 per
369 2325 539 2361 accidena
577 2326 778 2369 veritatem,
804 2325 899 2359 unde
927 2325 971 2359 ad
1009 2325 1167 2371 speciem
1205 2324 1386 2360 mendacii
1426 2324 1650 2371 pertingit.»

220 2386 273 2422 Ita
295 2379 327 2421 s.
353 2385 529 2430 Thomas,
556 2386 578 2420 1.
606 2395 702 2427 nunc
732 2385 791 2419 cit.

314 2445 364 2491 (2)
391 2446 476 2480 Loc.
505 2456 621 2490 nuper
645 2445 701 2478 cit.

317 2505 372 2550 (3)
399 2505 492 2538 Vide
519 2505 713 2546 Becanum,
740 2503 909 2538 Manuale
935 2511 1158 2537 controvers.
1185 2501 1208 2536 l.
1223 2501 1268 2536 V.
1295 2512 1326 2536 c.
1345 2510 1397 2536 20.
1424 2500 1524 2535 Alias
1549 2509 1658 2534 men-

219 2563 311 2598 dacii
337 2562 534 2599 divisiones
559 2563 640 2597 vide
667 2564 761 2608 apud
788 2574 815 2596 s.
843 2562 1041 2606 Thomam,
1066 2561 1151 2596 loco
1177 2571 1276 2606 saep.
1302 2559 1361 2595 cit.
1394 2558 1495 2594 artic.
1522 2568 1561 2594 2.-
