1737 2802
95 215 281 258 nonnisi
313 202 364 258 ad
395 228 625 271 personam
659 229 735 256 seu
771 213 822 256 ad
859 229 933 258 ens
976 212 1217 270 intelligens
1259 212 1401 258 haberi
1448 229 1532 272 po-

93 297 189 328 ·test
221 285 306 344 (1),
341 297 387 328 ut
420 284 473 328 de
504 284 631 342 officio
665 297 836 341 agentes
871 286 1006 342 magis
1039 284 1362 342 explicabimus,

227 358 449 410 Quoniam
482 372 586 399 vero
621 355 780 414 duplex
816 356 1095 414 distinguitur
1137 372 1332 414 persona,
1364 357 1529 414 physica

96 444 182 471 :seu
218 428 488 472 individuum
524 440 564 470 et
598 428 766 471 moralis
799 444 873 471 seu
908 427 1097 485 plurium
1132 428 1359 471 hominum
1392 428 1436 471 in
1458 442 1528 470 so-

95 501 302 543 ·cietatem
337 501 631 556 congregatio,
655 498 751 542 hinc
793 499 852 556 fit,
876 512 920 542 ut
944 501 1007 542 ius
1032 499 1315 556 distinguatur
1336 500 1377 541 in
1410 499 1530 555 illud,

95 571 227 614 -cuius
261 569 503 614 subiectum
539 572 765 628 proprium
803 584 865 613 est
900 586 1081 627 persona
1112 571 1249 628 aliqua
1282 570 1456 628 physica
1487 585 1529 615 et

95 643 149 685 'in
184 641 301 699 illud,
335 643 454 684 cuius
490 641 730 702 subiectum
769 654 836 684 est
870 657 1050 698 persona
1082 640 1220 699 aliqua
1251 642 1439 685 moralis.
1476 642 1526 685 In

106 715 247 772 primo
282 729 379 757 casu
414 715 479 756 ius
513 712 691 756 habetur
725 713 996 765 individuale,
1022 714 1064 755 in
1099 713 1230 755 altero
1263 725 1404 756 autem
1427 728 1524 756 casu

91 778 258 829 sociale.
293 786 362 828 Sic
386 802 423 827 v.
448 788 489 841 gss
513 785 577 826 ius
613 785 887 841 proprietatis
911 796 1004 826 tum
1030 784 1071 826 in
1095 783 1317 826 individuo
1340 783 1526 828 residere

94 869 262 914 potest,
293 869 385 899 tum
420 857 545 898 etiam
581 855 622 896 in
656 854 843 897 humana
878 855 1079 897 societate
1103 870 1184 912 qua
1217 854 1300 897 tali:
1324 856 1367 898 in
1391 856 1525 913 priori

94 942 203 969 -casu
237 928 302 969 ius
336 926 611 984 proprietatis
646 924 804 968 dicitur
837 925 1081 968 dominium
1109 927 1327 983 privatum
1359 941 1432 968 seu
1464 927 1526 969 in-

99 998 324 1052 dividuale,
359 999 399 1040 in
434 998 694 1041 altero-casu
726 997 932 1055 publicum
965 1013 1038 1040 seu
1072 998 1228 1041 sociale.

224 1071 306 1113 Hic
329 1083 470 1113 autem
496 1068 804 1122 animadverte,
831 1084 930 1112 eum
965 1070 1107 1125 etiam,
1131 1069 1202 1126 qui
1235 1068 1410 1111 rationis
1443 1083 1523 1111 usu

100 1154 256 1196 careat,
292 1156 419 1198 posse
463 1140 674 1199 aliquibus
723 1139 881 1198 pollere
915 1140 1076 1183 iuribus
1125 1156 1198 1183 seu
1233 1155 1384 1183 eorum
1434 1156 1526 1184 esse

98 1211 359 1256 subiectum.
395 1213 495 1266 Qua
530 1214 573 1255 in
608 1228 650 1255 re
686 1212 922 1256 discrimen
954 1225 1088 1255 exstat
1121 1213 1227 1256 inter
1268 1212 1439 1270 officium
1486 1225 1527 1256 et

99 1285 182 1327 ius.
217 1284 387 1327 Etenim
420 1283 472 1328 ad
506 1283 602 1337 hoc,
636 1296 682 1327 ut
716 1285 811 1341 quis
845 1283 1134 1341 adstringatur
1165 1283 1323 1340 officio,
1356 1295 1527 1341 oportet

100 1367 197 1398 ante
230 1356 375 1398 onmia
409 1368 455 1398 ut
478 1354 670 1398 officium
706 1367 955 1412 cognoscat:
982 1355 1194 1413 siquidem
1228 1355 1424 1398 voluntas
1446 1366 1526 1397 ne-

90 1427 194 1484 quit
228 1425 422 1484 obligari,
457 1427 537 1469 nisi
570 1441 645 1484 per
679 1425 819 1483 legem
854 1427 891 1469 ei
925 1425 973 1469 ab
1006 1425 1220 1469 intellectu
1256 1426 1523 1483 propositam

92 1509 227 1555 :atque
260 1497 525 1556 applicatam.
560 1497 627 1541 Ad
660 1497 743 1540 hoc
778 1513 882 1555 ergo
917 1510 963 1540 ut
998 1499 1092 1555 quis
1132 1496 1275 1540 officio
1318 1509 1525 1554 teneatur,

94 1570 279 1612 >rationis
312 1570 356 1612 in
390 1585 441 1612 eo
467 1585 568 1613 usus
603 1571 956 1628 praerequiritur.
982 1571 1148 1613 Verum
1182 1568 1232 1612 ad
1255 1568 1338 1612 hoc
1359 1580 1405 1611 ut
1428 1569 1523 1626 quis

99 1641 193 1684 iure
228 1641 281 1683 sit
314 1641 564 1695 instructus,
599 1657 772 1684 necesse
807 1640 952 1684 solum
986 1653 1063 1697 est,
1096 1652 1142 1683 ut
1185 1640 1310 1683 ceteri
1353 1654 1521 1696 cogno-

92 1725 267 1754 scentes
299 1711 454 1768 legem,
489 1728 595 1770 quae
629 1712 838 1755 moralem
876 1712 934 1755 illi
970 1724 1226 1770 potestatem
1259 1710 1438 1767 confert,
1463 1724 1522 1754 te-

93 1795 283 1825 neantur
317 1782 513 1826 traditam
538 1783 597 1825 illi
622 1796 881 1841 potestatem
914 1799 1003 1826 non
1027 1782 1250 1841 impedire,
1270 1783 1407 1826 immo
1430 1798 1524 1841 pra-

93 1854 207 1896 ctice
241 1868 332 1896 eam
368 1855 568 1898 revereri.
593 1880 650 1888 —
684 1856 834 1913 Itaque
869 1855 970 1899 haec
1004 1855 1090 1899 duo
1123 1867 1223 1898 sunt
1255 1855 1364 1898 inter
1396 1870 1441 1899 se
1463 1854 1523 1899 di-

91 1923 372 1981 stinguenda,
406 1925 540 1982 ipsum
576 1927 638 1969 ius
670 1939 711 1969 et
746 1928 849 1970 iuris
881 1929 1131 1970 exercitium:
1165 1925 1215 1969 ad
1238 1925 1321 1969 hoc
1343 1925 1521 1970 alterum

92 2011 204 2038 usus
223 1996 399 2039 rationis
419 1997 752 2055 praerequisitur
767 2033 778 2054 ‚
803 2012 891 2040 non
913 2013 1017 2041 vero
1040 1996 1091 2040 ad
1114 1996 1218 2040 illud
1239 1997 1430 2054 primum
1452 1997 1523 2054 (2).

193 2215 244 2262 (1)
273 2216 328 2251 Ad
354 2228 430 2250 rem
457 2216 651 2263 Taparelli,
678 2218 796 2263 saggio
825 2222 938 2252 teoret.
968 2217 1109 2253 dissert.
1135 2217 1179 2252 11.
1205 2229 1283 2264 cap.
1310 2218 1386 2254 111.:
1419 2232 1435 2251 a
1453 2219 1523 2254 Di-

86 2286 238 2310 ·remmo
265 2277 327 2310 noi
354 2287 424 2310 con
452 2278 607 2312 termine
629 2277 787 2324 proprio,
816 2277 881 2312 che
916 2277 939 2311 il
968 2286 1151 2312 tremuoto
1177 2278 1221 2312 ha
1248 2278 1369 2314 diritto
1395 2276 1440 2313 ad
1466 2287 1522 2314 at-

88 2343 229 2369 ·terrare
255 2334 288 2369 le
315 2346 410 2377 case,
439 2347 461 2370 o
488 2336 554 2370 che
581 2336 604 2370 ἰΙ
627 2337 713 2382 lupo
741 2336 786 2370 ha
816 2336 940 2371 diritto
964 2349 983 2371 a
1002 2336 1166 2371 divorare
1185 2337 1217 2371 le
1237 2336 1390 2383 pecore?
1415 2337 1525 2372 Certo

87 2394 160 2429 ‘che
188 2405 249 2429 no:
280 2394 388 2430 dritto
415 2397 434 2430 e
459 2407 550 2430 voce
569 2396 603 2430 di
631 2396 758 2431 ordine
778 2395 922 2430 morale
943 2407 960 2431 e
978 2399 1065 2442 pero
1092 2407 1166 2431 non
1192 2396 1238 2430 ha
1264 2396 1375 2443 luogo
1394 2407 1433 2431 se
1449 2407 1524 2431 non

86 2453 148 2488 fra
173 2455 282 2489 esseri
307 2454 573 2502 intelligenti».

192 2513 250 2558 (2)
278 2513 367 2548 Hinc
394 2513 491 2549 idem
518 2523 655 2557 auctor,
684 2515 705 2550 ἶ,
728 2527 771 2557 c.‚
800 2515 851 2550 sic
878 2515 1009 2562 pergit:
1045 2531 1061 2547 κ
1079 2517 1135 2552 Ne
1160 2517 1260 2551 basta
1279 2517 1344 2551 che
1369 2517 1524 2552 abbiano

89 2570 120 2606 il
147 2572 328 2618 principio
356 2573 387 2606 di
415 2573 563 2620 ragione
590 2586 609 2609 a
635 2582 760 2621 potere
787 2575 970 2610 esercitare
996 2586 1042 2610 un
1072 2575 1180 2611 dritto
1222 2576 1361 2622 (ipsum
1398 2575 1451 2611 ius
1489 2584 1527 2612 et
