1737 2802
0 0 29 65 κ(ϊῇ

700 148 753 155 “-·
793 135 872 178 155
908 146 965 155 -
1250 191 1251 199 ¹

119 235 220 264 eum
254 235 305 263 ex
335 218 416 262 levi
451 233 574 261 causa
605 228 757 261 testem
792 216 967 260 inducit:
993 216 1111 274 quod
1137 231 1224 259 non
1253 228 1544 274 praesumeret

120 291 247 335 etiarn
281 290 332 334 de
365 289 508 347 aliquo
541 289 634 332 viro
668 288 867 332 honesto:
903 288 1101 331 imminet
1136 288 1263 330 etiam
1302 286 1542 344 periculum

120 359 341 419 peccandi,
366 360 466 417 quia
499 358 550 402 de
584 358 694 401 facili
717 358 852 401 homo
877 359 919 401 in
942 356 1073 400 verbo
1097 356 1316 415 delinquit.
1339 375 1359 396 ›>
1396 357 1544 415 Itaque

119 433 448 492 proportionata
496 446 619 474 causa
667 431 848 473 omnino
898 429 1144 487 requiritur,
1185 431 1316 487 primo
1369 427 1543 486 quidem

120 516 295 563 propter
327 503 610 546 reverentiam
644 503 739 545 Deo
774 501 975 558 debitam,
998 501 1166 545 secundo
1199 513 1342 544 autem
1371 514 1545 559 propter

118 574 365 618 labilitatem
400 575 571 631 linguae
619 574 845 616 humanae.
899 574 1106 617 «Causae
1153 589 1254 616 vero
1299 574 1340 615 in
1388 573 1543 632 quibus

116 646 238 690 liceat
273 648 427 701 iurare,
463 646 538 688 liae
572 658 688 688 sunt.
733 645 884 698 Primo,
919 661 997 702 pro
1034 661 1133 703 pace
1179 644 1402 700 firmanda,
1435 646 1544 689 sicut

119 717 260 762 Laban
294 718 446 760 iuravit
478 716 562 774 (Ι)
601 716 792 773 Secundo,
818 732 895 774 pro
921 716 1031 759 fama
1067 716 1367 760 conservanda.
1396 716 1545 775 Tertio,

118 804 198 846 pro
230 787 430 831 fidelitate
480 787 690 842 tenenda‚-
726 789 835 830 sicut
884 786 1105 830 feudatarii
1156 788 1293 830 iurant
1343 787 1544 832 dominis.

123 860 302 915 Quarto,
336 875 413 917 pro
447 858 690 902 obedientia
725 858 960 917 implentia,
995 861 1028 901 si
1069 860 1326 916 praecipitur
1359 875 1379 901 a
1411 875 1546 917 supe-

117 932 231 974 riore
263 930 422 988 aliquid
455 930 701 974 honestum.
743 930 914 986 Quinto,
949 946 1027 988 pro
1078 931 1302 973 securitate
1341 929 1542 974 facienda.

121 1002 251 1058 Sexto,
286 1017 363 1060 pro
397 1003 571 1045 veritate
606 1001 855 1055 attestanda,
879 1004 987 1044 sicut
1021 1002 1174 1044 iuravit
1197 1001 1434 1059 Apostolus
1458 1001 1543 1060 (2):

125 1073 251 1117 Testis
281 1075 385 1116 enim
419 1074 517 1116 mihi
549 1082 604 1116 est
640 1075 814 1117 Dans...
850 1073 956 1131 qnod
985 1075 1069 1116 sine
1119 1074 1411 1116 intermissione
1458 1090 1544 1116 me-

117 1147 292 1188 moriam
326 1147 452 1188 vestri
474 1145 588 1202 facio
621 1153 771 1201 semper
805 1146 847 1187 in
881 1144 1132 1187 orationibus
1168 1145 1318 1187 meis.»
1352 1145 1420 1187 Sic
1453 1143 1545 1187 suf-

116 1215 305 1260 ficientes
339 1215 502 1259 iurandi
553 1231 696 1258 causas
744 1215 929 1258 breviter
962 1231 1008 1258 ac
1056 1215 1308 1272 generaliter
1356 1218 1547 1273 assignat

117 1303 150 1332 s.
186 1287 385 1331 Thomas
418 1287 497 1345 (3).
530 1287 649 1330 Idem
685 1302 718 1329 s,
752 1287 918 1329 Doctor
963 1286 1044 1329 alio
1094 1286 1190 1329 loco
1223 1286 1290 1345 (4)
1326 1301 1543 1344 compara-

212 1476 273 1525 (1),
295 1475 385 1510 Gen.
411 1476 546 1511 XXXI.
572 1476 699 1520 48-53.

209 1535 263 1583 (2)
290 1536 398 1570 Rom.
430 1536 455 1570 1.
483 1548 517 1583 9.
537 1555 581 1561 ——
609 1537 642 1570 S.
671 1536 906 1581 Augustinus,
935 1536 968 1569 in
989 1535 1011 1570 l.
1031 1535 1073 1569 de
1101 1535 1222 1570 mend.
1242 1547 1271 1570 c.
1294 1544 1357 1577 15„
1385 1535 1475 1570 haec
1501 1535 1546 1569 de

114 1595 298 1642 Apostolo
316 1595 436 1630 habet:
456 1595 683 1642 «Apostolus
702 1597 737 1629 in
757 1595 926 1641 epistolis
945 1595 1019 1629 suis
1036 1596 1156 1630 iurans
1173 1594 1342 1638 ostendit,
1359 1595 1544 1642 quomodo

113 1655 367 1700 accipiendum
395 1664 501 1697 esset,
532 1655 627 1702 quod
656 1654 791 1690 dictum
819 1664 886 1696 est,
911 1655 995 1688 Dico
1020 1655 1130 1696 vobis,
1155 1665 1221 1688 non
1247 1654 1371 1688 iurare
1389 1654 1542 1689 omnino:

115 1725 161 1748 ne
185 1714 263 1749 scil.
294 1714 444 1748 iurando
471 1714 513 1748 ad
542 1712 753 1749 facilitatem
782 1713 921 1749 iurandi
950 1713 1194 1760 perveniatur.
1223 1722 1256 1748 et
1292 1724 1334 1748 ex
1372 1712 1545 1748 facilitate

114 1773 158 1807 ad
184 1774 497 1816 consuetudinem,
517 1783 549 1809 et
575 1785 594 1808 a
622 1773 884 1808 consuetudine
907 1774 941 1808 in
961 1774 1158 1820 periurium
1178 1773 1371 1809 decidatur.
1392 1774 1433 1808 Et
1460 1773 1544 1809 ideo

113 1843 188 1867 non
210 1833 391 1867 invenitur
410 1833 545 1868 iurasse
565 1833 633 1867 nisi
652 1834 823 1876 scribens,
841 1834 901 1868 ubi
920 1833 1165 1868 consideratio
1185 1833 1324 1867 cautior
1342 1844 1415 1867 non
1435 1832 1545 1868 habet

112 1891 276 1938 linguam
305 1893 554 1939 praecipitem.
570 1907 587 1925 »

205 1949 257 1997 (3)
284 1950 323 1984 In
352 1960 549 1986 comment.
578 1951 612 1985 in
654 1963 709 1997 ep.
737 1951 782 1985 ad
821 1952 929 1986 Hebr.
958 1963 987 1985 c.
1017 1950 1079 1985 VI.
1106 1950 1190 1986 lect.
1221 1960 1254 1994 4.
1283 1972 1324 1976 —
1354 1952 1405 1986 Ex
1443 1950 1546 1987 dictis

111 2019 272 2055 apparet,
299 2022 370 2056 quo
397 2021 505 2045 sensu
534 2011 716 2045 Dominus
746 2011 780 2044 in
808 2010 1022 2057 Evangelio,
1056 2010 1182 2045 Matth.
1202 2011 1266 2052 V.,
1288 2020 1322 2046 et
1347 2011 1545 2046 s.1acobus

114 2060 152 2103 in
178 2080 242 2103 sua
268 2069 442 2115 Epistola,
469 2080 547 2115 cap.
566 2069 623 2111 V.,
642 2069 866 2115 praecipiant
893 2081 932 2104 ne
959 2069 1121 2110 iuremus,
1149 2070 1172 2102 i.
1191 2080 1223 2105 e.
1244 2069 1322 2104 sine
1350 2069 1468 2104 debita
1487 2081 1546 2104 re-

115 2128 274 2163 verentia
299 2140 338 2162 ac
363 2129 588 2164 necessitate.
609 2129 708 2164 Haec
736 2129 932 2164 necessitas
952 2127 1160 2175 frequenter
1185 2129 1300 2163 abest:
1323 2140 1428 2174 saepe
1448 2129 1545 2163 enim

115 2185 246 2220 sufficit
271 2187 424 2233 simplex
452 2187 645 2222 affirmatio
674 2187 730 2222 vel
758 2189 920 2233 negatio.
949 2187 1008 2222 Sic
1036 2188 1142 2222 etiam
1173 2187 1359 2233 intelligas
1392 2196 1543 2222 senten-

113 2244 202 2280 tiam
229 2246 273 2280 ab
299 2245 404 2281 initio
431 2246 577 2282 allatam
604 2247 807 2282 Menandri.
836 2267 879 2274 -
907 2246 1088 2281 Isocrates
1113 2248 1202 2280 duas
1228 2246 1386 2282 admittit
1418 2257 1545 2282 causas

114 2303 354 2345 iurisiurandi,
380 2312 414 2339 et
442 2305 588 2352 quidem
617 2305 781 2345 ἐπακτοῦ,
810 2305 829 2340 i.
851 2316 883 2341 e.
906 2305 1098 2347 iudicialis,
1117 2305 1172 2340 vel
1198 2309 1235 2339 ut
1253 2306 1392 2352 teipsum
1411 2316 1432 2339 a
1451 2305 1546 2353 turpi

114 2361 254 2396 crimine
278 2361 403 2405 solvas,
429 2363 483 2397 vel
500 2367 537 2397 ut
554 2363 701 2398 amicum
720 2375 735 2397 e
751 2375 876 2410 magno
891 2364 1042 2410 periculo
1070 2363 1200 2407 liberes,
1228 2363 1247 2400 ἦ
1267 2361 1398 2397 σκυτὸν
1428 2361 1542 2402 αἰτίας

113 2419 266 2468 αἰσχράς
292 2421 466 2462 &nomm-a,
490 2421 509 2459 ἧ
531 2419 646 2468 φίλους
671 2423 706 2455 ἐκ
727 2423 888 2468 μεγάλων
918 2423 1091 2456 κινδύνων
1121 2423 1324 2464 ὃικσὼζων,
1351 2423 1395 2458 Et
1422 2422 1534 2457 addit:

110 2477 214 2513 ἕνεκα
240 2479 280 2512 δέ
308 2480 495 2527 χρημάτων
522 2479 659 2526 μηδέν’]
683 2481 769 2514 θεὸν
797 2480 942 2529 ὀμόσῃς,
968 2482 1143 2528 pecuniae
1162 2492 1248 2517 vero
1270 2493 1376 2517 causa
1395 2482 1535 2517 nullum

111 2538 232 2573 Deum
256 2539 438 2574 iuraveris.
465 2539 564 2574 Haec
592 2549 726 2583 autem,
754 2548 791 2575 ut
818 2548 931 2586 patet,
959 2550 1042 2577 sunt
1068 2541 1235 2589 rigorose
1261 2541 1372 2575 nimis
1398 2541 1504 2578 dicta.

209 2597 268 2643 (4)
292 2597 333 2633 In
361 2607 393 2635 2.
419 2609 451 2634 2.
478 2610 514 2645 q.
543 2598 597 2645 89.
626 2610 662 2635 a.
693 2607 724 2642 5.
