1737 2802
17 66 22 71 .
0 0 39 59 rga}

682 169 948 212 „171-

100 263 222 292 error
253 261 331 307 est,
354 261 399 292 ut
422 264 453 292 s.
477 250 748 306 Augustinus
771 249 844 309 (1)
876 263 989 294 recte
1021 251 1095 304 ait,
1124 251 1457 309 superbissimus
1482 265 1532 297 et·

102 319 249 364 multis
281 320 480 378 periculis
517 323 753 379 expositus,

217 404 288 446 42.
322 392 709 437 DexioNSTRATio.
749 407 782 436 1.
818 393 1042 439 Revelatio
1067 393 1251 438 mediata
1274 395 1317 438 in
1352 409 1403 437 eo
1432 407 1530 438 tan*

102 462 200 506 dem
249 461 388 506 differt
420 462 468 505 ab
517 463 776 520 immediata,
811 464 928 522 quod
961 465 1004 508 in
1038 464 1115 507 hac
1161 480 1249 508 non
1284 465 1528 518 intercedit,

101 535 145 578 in
177 535 245 578 illa
277 549 380 578 vero
413 535 637 579 intercedit
670 536 806 579 homo
846 535 1087 579 doctrinam
1120 534 1145 579 a
1176 537 1272 580 Deo
1305 549 1524 594 acceptam

102 621 349 664 proponens
383 607 487 663 (non
512 620 654 651 tamen
682 608 1064 666 quomodocumque,
1089 607 1163 651 sed
1187 609 1345 651 nomine
1370 609 1450 651 Dei
1481 621 1531 651 et

98 679 342 736 authentice)
376 679 526 721 ceteris
559 678 822 723 hominibus.
857 680 1005 732 Quare
1039 680 1073 721 si
1109 679 1312 723 revelatio
1345 679 1526 737 quidem*

103 750 366 806 immediata,
399 751 460 793 uti
495 751 577 793 iam
624 750 918 808 probavimus,
954 750 1168 809 possibilis
1218 764 1293 804 est,
1339 751 1523 794 mediata

103 837 202 865 vero
252 835 476 880 repugnat,
509 822 610 864 haec
658 823 936 880 repugnantia
983 822 1158 865 nonnisi
1195 838 1245 865 ex
1292 837 1343 865 eo
1388 822 1531 879 capite⁴

100 894 252 937 oritur.
271 893 515 939 Ostendant
539 894 671 950 igitur
693 893 937 950 adversarii,
960 909 1169 952 quaenam
1196 893 1347 936 exinde
1371 909 1528 951 prove-

98 965 186 1008 niat
216 964 282 1008 vel
316 965 358 1007 in
393 980 445 1008 eo
479 966 533 1007 sit
567 966 865 1022 repugnantia.

215 1035 386 1093 Duplex
417 1036 588 1092 scilicet,
622 1037 677 1079 ita
710 1036 971 1094 respondent
1003 1035 1247 1093 adversarii,
1279 1035 1376 1079 inde
1410 1051 1525 1079 ena-

98 1107 230 1150 scitur
265 1106 407 1165 ibique
443 1121 505 1150 est
539 1109 822 1166 repugnantia
858 1134 909 1139 —
945 1107 1076 1151 altera
1108 1122 1159 1150 ex
1194 1121 1312 1165 parte
1354 1123 1528 1164 eorumr

99 1177 171 1234 qui
214 1193 289 1235 per
337 1178 561 1221 hominem
610 1179 821 1236 accipiunt
867 1179 1171 1222 revelationem
1205 1206 1262 1211 —
1295 1178 1422 1222 altera
1470 1194 1523 1222 ex

101 1259 217 1305 parte
250 1247 374 1305 illius,
407 1250 480 1306 qui
515 1251 665 1292 ceteris
699 1264 790 1292 eam
825 1250 1087 1292 transmittit.
1122 1248 1332 1292 Videlicet
1372 1249 1440 1307 1⁰.)
1473 1265 1531 1292 ex.

101 1330 217 1376 parte
239 1319 537 1376 accipientium
568 1319 773 1362 habemus
800 1320 918 1370 fidem
941 1321 1108 1377 homini,
1132 1335 1218 1362 non
1242 1321 1342 1363 Deo.-
1370 1321 1444 1378 20.)
1471 1336 1525 1365 ex

101 1401 217 1446 parte
250 1391 580 1433 transmittentis
629 1389 836 1433 habemus
885 1392 1124 1434 locutionem
1173 1406 1247 1433 seu
1295 1391 1524 1435 doctrinam

100 1461 289 1514 hominis,
313 1476 400 1504 non
434 1463 525 1505 Dei.
550 1462 624 1504 Est
657 1474 798 1504 autem
835 1461 886 1504 de
923 1474 1132 1518 conceptu
1159 1461 1430 1505 revelationis
1454 1463 1529 1505 cii-

101 1534 240 1590 vinae,
267 1531 384 1591 quod
418 1547 470 1576 ex
491 1546 607 1590 parte
640 1534 884 1590 accipientis
910 1534 965 1575 sit
998 1532 1102 1576 fides
1129 1534 1224 1576 Deo
1259 1546 1299 1576 et
1333 1550 1383 1576 ex
1406 1547 1528 1591 parte

98 1602 298 1646 tradentis
333 1605 386 1646 sit
419 1603 580 1647 locutio
617 1605 712 1648 Dei.
749 1605 866 1647 Haec
900 1603 986 1646 duo
1021 1603 1226 1647 habemus
1266 1605 1309 1647 in
1354 1604 1524 1648 revela—
1566 1652 1569 1655 ,

98 1676 214 1718 tione
237 1675 496 1729 immediata,
520 1691 607 1718 non
630 1690 773 1719 autem
797 1677 839 1718 in
864 1676 1121 1719 revelatione
1147 1676 1343 1720 mediata.
1372 1677 1526 1730 Quare

99 1745 166 1789 illa
197 1745 373 1804 quidem
407 1760 483 1799 est,
518 1747 619 1790 haec
652 1763 754 1790 vero
788 1763 873 1805 ηεξ]
909 1760 971 1790 est
1003 1747 1203 1791 revelatio
1244 1747 1399 1791 divina.

217 1816 284 1860 Ad
323 1817 416 1875 1¹¹¹.)
450 1818 508 1860 sic
542 1818 784 1875 respondeo
814 1833 912 1861 cum
946 1834 977 1860 s.
1004 1818 1182 1862 Thoma
1215 1819 1296 1877 (2):
1327 1818 1526 1862 «Fidelis

100 1887 231 1931 credit
263 1887 450 1941 homini,
486 1904 566 1932 non
600 1891 846 1947 inquantum
879 1890 1007 1945 homo,
1033 1889 1107 1932 sed
1142 1891 1386 1947 inquantum
1408 1892 1528 1934 Deus

100 1961 141 2002 in
173 1975 215 2003 eo
247 1960 444 2018 quuitur,
481 1960 598 2017 quod
632 1977 682 2002 ex
716 1961 841 2003 certis
875 1961 1186 2018 experimentis
1222 1961 1422 2020 colligere
1445 1978 1527 2020 po-

97 2043 195 2076 test:
218 2031 401 2075 infidelis
425 2045 566 2075 autem
604 2047 690 2075 non
716 2031 849 2075 credit
873 2033 970 2075 Deo
995 2033 1036 2074 in
1071 2032 1248 2077 homine
1272 2033 1515 2091 loquenti.»

98 2102 288 2146 Ad·rem
323 2104 504 2146 omnino
537 2102 634 2146 facit
669 2103 788 2146 locus
824 2102 893 2146 ille
927 2120 958 2147 s.
985 2103 1104 2146 Pauli
1132 2105 1333 2162 Apostoli
1365 2105 1450 2164 (3),
1478 2107 1524 2149 in

99 2189 186 2231 quo
221 2173 633 2218 Thessalonicenses
667 2175 822 2231 laudat,
856 2175 975 2234 quod
1008 2174 1187 2220 verbum
1213 2178 1345 2234 ipsius
1369 2177 1519 2221 audie-

99 2258 213 2302 runt,
246 2258 291 2289 ut
323 2246 517 2304 verbum,
547 2262 635 2290 non
670 2247 878 2302 hominis,
913 2247 989 2291 sed
1039 2249 1133 2291 Dei:
1190 2249 1350 2292 «Cum
1399 2265 1526 2293 acce-

98 2318 266 2375 pissetis
298 2334 319 2361 a
351 2317 474 2361 nobis
507 2318 685 2362 verbum
719 2318 890 2362 auditus
916 2320 1012 2373 Dei,
1037 2321 1257 2378 accepistis
1289 2320 1410 2376 illud,
1435 2337 1526 2364 non

191 2495 249 2540 (1)
277 2495 353 2530 Lib.
381 2495 423 2530 de
451 2494 564 2531 doctr.
591 2496 714 2532 christ.
743 2497 777 2531 in
805 2497 921 2543 princ.

191 2555 245 2600 (2)
270 2554 309 2589 In
341 2563 354 2598 3
384 2564 475 2590 sent.
501 2556 580 2590 dist.
607 2565 662 2598 23.
690 2566 783 2603 q.‘2.
808 2568 840 2592 a.
869 2567 898 2591 2.
927 2557 993 2593 sol.
1022 2568 1053 2593 2.
1080 2558 1123 2593 ad
1152 2565 1206 2594 2¹¹¹.

193 2615 250 2660 (3)
273 2616 338 2661 Ep.
364 2615 392 2650 1.
417 2615 461 2649 ad
488 2615 617 2651 Thess.
645 2627 722 2662 cap.
751 2617 797 2652 11.
826 2628 859 2652 v.
892 2628 941 2662 ¹3-
