1737 2802
770 122 828 131 —
862 111 949 154 274
979 123 1038 132 —

369 300 411 344 ft)
439 300 500 335 De
524 310 610 335 non
635 301 841 336 laedendo
866 302 1059 346 proximo
1083 303 1128 336 in
1154 304 1240 338 suis
1267 304 1438 340 divitiis.

714 490 883 534 Tarsis
918 485 1088 535 XXIV.

184 587 215 629 I.
241 585 489 628 Dominium
517 587 783 644 proprietatis
813 587 1039 644 perfectum
1071 587 1283 645 definitur,
1309 589 1371 632 ius
1393 590 1436 632 in
1467 605 1510 633 re
1540 604 1618 633 sese

305 657 520 701 extendens
553 657 609 700 ad
643 673 800 701 omnem
833 660 892 701 rei
924 673 1057 715 usum,
1090 675 1326 718 omnemque
1356 659 1402 703 de
1439 660 1528 718 ipsa
1559 662 1622 704 rei

299 729 529 772 substantia
562 729 860 786 dispositionem
894 731 936 772 in
964 731 1182 787 proprium
1229 730 1379 773 bonum
1411 747 1483 775 seu
1514 748 1619 790 com-

303 802 483 853 modum,
518 801 693 845 exclusis
716 801 823 844 aliis.
850 801 901 843 ΙΙ,
929 801 995 844 Ex
1018 802 1082 857 iis,
1103 817 1205 859 quae
1227 803 1301 845 hac
1324 803 1364 845 in
1386 796 1618 862 definitione

301 874 576 925 continentur,
610 873 645 915 si
677 872 776 930 quid
808 872 924 926 desit,
956 873 1040 915 iam
1073 874 1136 916 vel
1171 873 1334 916 nullum
1367 875 1442 918 erit
1484 875 1618 919 domi-

302 945 439 995 nium,
474 944 537 987 vel
570 953 670 987 certe
704 943 997 1002 imperfectum.

301 1052 369 1094 77.
406 1039 778 1082 PRAENOTIONES.
814 1040 904 1082 Lex
951 1039 1154 1082 naturalis
1198 1039 1414 1098 prohibet,
1447 1057 1500 1085 ne
1544 1043 1615 1085 in-

178 1110 287 1152 iuria
324 1109 395 1153 fiat
427 1110 561 1153 alteri.
596 1113 657 1152 Ac
692 1112 835 1167 primo
870 1111 1046 1168 quidem
1081 1123 1210 1168 vetat,
1242 1127 1296 1155 ne
1345 1113 1498 1157 iniuria
1543 1112 1616 1156 fiat

180 1180 299 1224 alteri
337 1183 377 1223 in
406 1183 579 1239 propria
608 1190 795 1239 persona,
830 1183 855 1224 i.
877 1198 912 1225 e.
947 1183 989 1224 in
1024 1181 1147 1225 bonis
1181 1183 1292 1226 vitae
1325 1196 1366 1227 et
1403 1186 1613 1243 corporis,

177 1271 225 1297 ne
259 1255 424 1298 occidas:
459 1254 536 1298 hac
571 1254 622 1298 de
656 1271 698 1298 re
722 1256 806 1297 iam
832 1256 1000 1311 egimus
1027 1255 1069 1296 in
1093 1256 1285 1298 sectione
1318 1256 1612 1313 praecedente.

178 1325 382 1370 Secundo
416 1339 542 1380 vetat7
578 1343 631 1369 ne
665 1328 818 1369 iniuria
850 1325 920 1369 fiat
955 1326 1069 1370 alteri
1104 1327 1144 1369 in
1170 1326 1294 1370 bonis
1328 1331 1504 1372 externis
1536 1344 1611 1373 seu

167 1399 366 1455 fortunae
400 1399 480 1456 (1):
515 1414 701 1456 cumque
734 1399 843 1441 inter
876 1397 987 1441 bona
1021 1398 1124 1441 haec
1156 1411 1329 1442 externa
1362 1400 1448 1442 sint
1494 1400 1613 1444 divi-

175 1471 255 1513 tiae
287 1469 372 1528 (2),
407 1469 490 1513 hoc
525 1471 708 1513 omnino
744 1469 957 1527 prohibet,
991 1486 1044 1512 ne
1089 1470 1241 1512 iniuria
1284 1468 1354 1512 fiat
1400 1470 1519 1513 alteri
1568 1472 1611 1515 in

174 1543 259 1586 suis
292 1542 464 1598 divitiis,
498 1543 522 1586 i.
559 1558 594 1584 e.
632 1543 671 1583 in
707 1541 831 1585 rebus
866 1543 971 1593 suis,
1006 1557 1056 1584 ne
1079 1541 1251 1598 furtum
1273 1541 1425 1598 facias.

297 1614 689 1667 Quemadmodum
715 1614 798 1657 hoc
822 1613 1020 1671 probato,
1047 1613 1273 1656 hominem
1300 1612 1454 1657 habere
1477 1614 1545 1658 ius
1569 1615 1612 1657 in

174 1686 396 1743 propriam
420 1687 566 1737 vitam,
602 1687 745 1729 statim
773 1686 1000 1743 perspicue
1034 1684 1327 1728 intelleximus
1352 1684 1425 1744 (3),
1447 1687 1613 1731 homici-

173 1756 287 1799 dium
312 1772 404 1799 esse
429 1759 627 1801 iniuriam
650 1758 766 1800 alteri
786 1757 941 1800 illatam
967 1756 1189 1815 (quicquid
1217 1757 1334 1800 enim
1357 1758 1443 1801 iure
1468 1759 1609 1816 possi-

269 1979 324 2023 (1)
352 1979 455 2012 Bona
481 1989 627 2013 externa
655 1990 716 2013 seu
751 1977 918 2012 fortunae
945 1985 1028 2011 sunt
1055 1977 1214 2019 divitiae,
1255 1976 1374 2019 bonor,
1406 1976 1510 2022 sama
1547 1988 1610 2013 seu

172 2038 299 2083 gloria,
322 2042 480 2084 potestas.
507 2057 551 2063 —-
579 2037 674 2072 Vide
701 2048 820 2082 super.
847 2036 918 2070 vol.
950 2046 976 2070 1.
1004 2036 1094 2071 thes.
1122 2037 1203 2071 Vll.
1232 2047 1302 2082 pag
1343 2045 1399 2082 59.

271 2097 322 2142 (2)
349 2097 519 2140 Divitiae,
545 2106 582 2131 ut
609 2097 697 2131 alias
716 2098 824 2131 etiam
846 2096 1014 2137 diximus,
1034 2096 1104 2131 loc.
1122 2107 1218 2130 nunc
1247 2095 1303 2130 cit.
1332 2106 1411 2141 pag.
1431 2094 1499 2139 6o.‚
1517 2095 1611 2130 divi-

173 2157 306 2190 duntur
333 2159 366 2191 in
395 2158 570 2192 naturales
597 2166 630 2191 et
660 2155 870 2201 artificiales.
899 2169 917 2187 «
932 2155 1123 2190 Naturales
1151 2154 1295 2201 quidem
1329 2155 1477 2191 divitiae
1515 2164 1611 2200 sunt,

173 2217 302 2264 quibus
328 2217 471 2251 homini
496 2218 707 2251 subvenitur
733 2216 776 2250 ad
803 2215 964 2250 defectus
991 2215 1173 2250 naturales
1200 2214 1400 2249 tollendos:
1428 2215 1520 2251 sicut
1555 2215 1612 2251 ci-

173 2276 239 2310 bus
267 2284 299 2310 et
329 2286 447 2321 potu3‚
473 2277 700 2318 vestimenta,
729 2276 894 2310 vehicula
923 2285 956 2310 ct
984 2274 1191 2310 habitacula
1220 2282 1251 2310 et
1279 2275 1350 2309 alia
1387 2274 1609 2311 huiusmodi.

173 2335 334 2370 Divitiae
361 2336 564 2371 artificiales
593 2346 686 2380 sunt,
714 2335 843 2382 quibus
883 2334 1083 2370 secundum
1111 2347 1149 2370 se
1176 2344 1303 2369 natura
1341 2346 1417 2370 non
1457 2335 1609 2379 iuvatur,

172 2404 210 2429 ut
237 2394 383 2437 denarii,
411 2396 471 2429 sed
499 2406 556 2429 ars
583 2395 742 2429 humana
769 2406 831 2429 eos
859 2395 1045 2429 adinvenit
1072 2403 1218 2440 propter
1252 2393 1464 2430 facilitatem
1501 2405 1608 2429 corn-

173 2454 431 2497 mutationum‚
459 2464 497 2489 ut
524 2455 595 2489 sint
623 2455 724 2500 quasi
751 2465 921 2488 mensura
950 2465 1068 2488 rerum
1095 2450 1294 2488 ven'alium.
1313 2467 1331 2486 κ
1361 2453 1414 2488 Ita
1440 2463 1470 2491 s,
1495 2452 1607 2489 Tho-

172 2525 262 2557 mas,
293 2515 327 2548 in
361 2525 386 2550 1.
414 2523 444 2548 2.
473 2526 504 2560 q.
534 2525 565 2549 2.
593 2526 623 2549 a.
657 2525 682 2549 1.

269 2572 323 2618 (3)
350 2573 444 2607 Vide
471 2584 589 2619 super.
617 2584 702 2619 pag.
733 2583 811 2616 244.
