1737 2802
803 117 1037 159 —80-

183 212 384 263 >bend-am
418 212 521 254 iuris
556 210 682 269 illius,
715 211 832 269 quod
865 224 968 255 tuuc
1002 227 1123 255 suam
1159 211 1368 255 servando
1401 211 1492 255 vim
1513 224 1635 269 prae·

205 282 328 338 valet,
361 282 493 324 altero
514 284 618 336 iure,
642 282 758 340 quod
777 283 865 325 vim
889 295 992 326 tunc
1013 295 1105 326 actu
1127 283 1294 336 amittit,
1314 280 1572 340 posthabito.

323 353 397 396 IV.
433 353 669 405 Quaerenti
704 365 847 396 autem
883 369 1049 409 rursus,
1083 352 1303 412 quodnam
1328 354 1382 395 sit
1406 353 1488 406 ius,
1515 351 1635 410 quod

204 425 255 467 iis
280 424 320 466 in
345 424 553 466 adiunctis
590 440 717 466 suum
752 437 889 468 servat
914 424 1059 481 robur,
1093 426 1152 468 sie
1171 424 1294 468 debet
1326 423 1505 468 ulterius
1537 438 1636 467 res-

203 494 407 553 ponderi:
453 494 493 537 id
535 494 930 552 (quemadmodum
974 496 1083 539 solet
1131 497 1175 539 in
1226 494 1464 538 moralibus
1507 509 1636 552 quae-

203 565 415 608 stionibus
450 565 722 623 contingere)
766 581 853 609 non
897 582 1024 624 posse
1073 568 1199 610 unica
1249 566 1437 624 generali
1486 563 1635 622 regula

204 636 492 691 determinari3
525 653 591 680 res
625 639 741 680 enim
774 637 822 681 ab
846 638 1056 681 adiunctis
1082 637 1254 696 pendet,
1275 638 1503 696 praecipue
1525 651 1631 680 vero

208 708 426 752 diiudicari
461 708 585 752 debet
608 725 658 752 ex
681 710 882 767 inspectis
917 711 1108 768 quinque
1134 709 1231 766 illis,
1258 709 1310 753 de
1333 708 1488 768 quibus
1511 722 1637 766 saepe

209 781 411 835 diximus,
449 783 551 824 iuris
590 781 828 839 elementis,
872 783 897 825 i.
947 798 981 825 e.
1016 783 1231 840 principio,
1280 782 1472 834 materia,
1505 779 1638 837 titulo,

209 853 398 909 subiecto,
432 856 619 908 termino,
655 855 774 912 queis
810 853 906 897 addi
940 855 1069 897 etiam
1103 866 1245 911 potest
1265 853 1381 912 finis,
1414 851 1469 896 ob
1507 865 1638 910 quem

210 941 231 968 a
264 925 356 982 lege
391 927 455 968 ius
492 925 719 969 confertur.
755 927 842 979 Sic,
877 938 923 968 ut
955 925 1007 969 ad
1041 925 1212 969 allatum
1237 925 1463 969 redeamus
1487 931 1640 967 exem-

208 997 346 1056 plum,
381 999 446 1040 ius
482 998 590 1053 Caii,
626 998 853 1055 praecipue
887 997 941 1041 ob
974 997 1332 1055 praestantiorem
1366 997 1475 1039 circa
1507 1008 1639 1053 quam

208 1082 402 1112 versatur
436 1070 674 1125 materiam,
718 1068 893 1111 firmum
937 1081 1106 1126 perstat:
1157 1068 1221 1111 ius
1257 1083 1361 1111 Vero
1407 1067 1513 1110 Ti'tii
1561 1064 1642 1108 de-

212 1140 336 1183 bilius
372 1153 436 1183 est
459 1154 587 1197 atque
610 1156 686 1198 pro
711 1141 759 1183 iis
783 1140 994 1183 adiuuctis
1016 1139 1159 1198 quoad
1185 1139 1435 1183 exercitium
1454 1153 1640 1195 suspen-

211 1213 338 1266 ditur,
375 1214 603 1270 supposito
651 1212 843 1270 quidem,
878 1212 993 1270 quod
1027 1213 1124 1270 equi
1159 1227 1262 1254 usus
1295 1226 1384 1254 non
1417 1211 1471 1253 sit
1515 1209 1642 1254 Titio

210 1283 369 1327 eodem
407 1283 481 1326 illo
511 1296 638 1340 pacto
673 1285 952 1326 necessarius.
989 1284 1107 1327 Novi
1140 1283 1275 1326 varias
1300 1299 1321 1326 a
1343 1282 1470 1325 variis
1493 1292 1644 1324 aucto-

211 1355 326 1399 ribus
352 1356 556 1412 assignari
581 1355 784 1413 speciales
808 1355 975 1412 regulas
994 1355 1043 1398 ad
1061 1354 1322 1413 praedictam
1339 1354 1643 1413 quaestionem

212 1429 253 1470 in
289 1428 404 1485 praxi
440 1426 708 1482 solvendam,
745 1428 972 1485 praecipue
1005 1442 1106 1470 vero
1141 1426 1248 1470 hanc
1296 1424 1503 1483 regulam:
1537 1422 1643 1466 illud

211 1499 293 1554 ius,
317 1497 448 1541 altero
473 1507 698 1555 suspenso,
734 1499 941 1556 persistit,
979 1499 1098 1541 cuius
1132 1523 1190 1531 —-
1220 1498 1287 1541 vel
1320 1497 1510 1553 materia,
1532 1496 1643 1539 circa

213 1586 342 1628 quam
374 1583 580 1623 versatur,
615 1582 679 1612 est
712 1571 1008 1628 praestantior,
1039 1595 1097 1603 —
1128 1568 1195 1613 vel
1230 1568 1395 1625 honum,
1433 1567 1484 1611 ad
1522 1565 1642 1626 quod

212 1641 497 1685 obtinendum
531 1655 603 1684 aut
636 1641 913 1685 retinendum
949 1641 1180 1695 confertur,
1222 1653 1286 1685 est
1318 1640 1456 1698 altius,
1489 1665 1543 1671 —
1575 1637 1644 1682 vel

212 1714 371 1771 titulus,
405 1715 444 1756 in
480 1730 566 1771 quo
603 1713 819 1767 fundatur,
853 1713 1033 1757 firmior.
1068 1715 1237 1757 Verum
1270 1712 1374 1755 haec
1411 1711 1574 1769 regula,
1606 1709 1642 1753 si

213 1801 291 1843 pro
326 1784 472 1827 multis
508 1784 742 1828 collisionis
777 1784 941 1827 casibus
974 1784 1110 1842 valet,
1142 1799 1228 1827 non
1262 1782 1432 1827 videtur
1463 1781 1646 1826 univer·-

212 1855 352 1899 saliter
383 1855 522 1898 valere
555 1871 681 1913 posse
715 1871 792 1913 pro
826 1854 1028 1898 omnibus
1060 1854 1147 1914 (1).

337 1928 399 1970 18.
436 1928 688 1971 Scuortox.
714 1927 914 1969 Diximus
949 1927 1138 1985 saepius,
1161 1927 1204 1969 in
1228 1925 1390 1969 iurium
1415 1921 1643 1967 collisione

213 1999 278 2041 ius
313 1997 493 2041 debilius
527 2013 615 2056 non
647 2013 796 2042 cessare
831 2011 901 2041 aut
934 1999 1127 2056 extingui,
1164 1995 1239 2040 sed
1285 1994 1429 2054 quoad
1472 1993 1642 2038 exerci-

210 2070 320 2113 tium
352 2070 551 2128 snspendi.
595 2070 646 2113 Et
688 2082 801 2113 recte
848 2068 1038 2127 quidem:
1072 2067 1192 2126 quod
1244 2067 1362 2110 enim
1395 2063 1550 2109 accidit
1596 2064 1642 2107 in

215 2143 510 2185 concurrentia
541 2141 706 2199 legum,
741 2141 784 2185 id
817 2142 858 2184 in
893 2140 1096 2184 conflictu
1132 2153 1310 2198 quoque
1344 2138 1508 2182 iurium
1540 2149 1644 2180 con-

215 2215 355 2272 tingit.

336 2285 526 2340 Quando
561 2285 670 2330 duae
701 2285 818 2344 leges
852 2299 906 2328 ex
953 2283 1135 2327 adverso
1183 2291 1463 2339 concurrunt,
1494 2290 1646 2324 neutra

309 2504 363 2552 (1)
388 2505 482 2541 Vide
507 2515 625 2547 casus,
655 2515 745 2551 quos
769 2512 934 2539 recenset
959 2514 1001 2538 ac
1027 2502 1137 2537 solvit
1153 2500 1261 2537 eard.
1278 2500 1338 2536 De
1352 2498 1475 2544 Lago,
1494 2495 1539 2532 de
1556 2494 1645 2531 inst.

215 2574 250 2600 et
277 2566 352 2600 iure
379 2565 467 2614 disp.
492 2565 590 2600 XVI.
616 2572 702 2600 sect.
728 2563 808 2599 VII.
835 2573 935 2598 num.
963 2572 1042 2610 190.
1065 2572 1164 2608 seqq.
