1737 2802
621 100 884 178 -163-

116 251 120 255 .
168 209 183 238 1
192 195 247 254 ⁰.)
277 195 381 251 Non
413 205 622 256 repugnat
653 210 704 237 ex
737 205 852 258 parte
901 192 983 236 Dei
1030 191 1271 237 revelantis.
1304 218 1362 227 —
1395 195 1469 238 Et-

41 266 164 310 enim
196 278 467 325 repugnaret,
499 266 564 308 vel
600 266 699 324 quia
731 266 850 309 Deus
881 263 1053 323 physice
1079 279 1167 308 non
1211 277 1353 322 potest
1400 282 1482 310 re-⁴

39 337 180 398 velare
211 336 286 381 seu
319 337 436 395 loqui
471 342 684 380 creaturae
717 352 834 388 suae,
870 335 936 378 vel
971 336 1069 393 quia
1104 334 1145 378 id
1194 351 1280 378 non
1328 333 1482 394 potest*

42 408 266 463 moraliter,
300 409 326 452 i.
349 408 384 452 e.
409 407 520 451 salva
553 424 628 451 sua
651 408 870 466 sapientia,
905 407 1094 450 bonitate
1119 408 1356 465 ceterisque
1380 409 1468 451 suis

37 478 272 537 attributis,
305 496 380 523 seu
424 480 527 539 quin
570 491 696 537 neget
743 480 1042 536 semetipsum.
1091 479 1224 536 Atqui
1263 492 1466 523 neutrum

38 550 126 595 dici
158 542 314 609 potest.
1346 555 1348 558 ’
1420 557 1423 560 ⁴

75 614 77 617 V
160 623 264 668 Non
300 623 506 681 primum.
539 622 651 665 Nam
675 621 795 664 Deus
820 632 896 677 est,
921 621 992 678 qui
1018 619 1244 664 hominem
1268 621 1467 664 instruxit

38 684 237 739 facultate
271 695 487 753 propriam
523 693 615 737 aliis
649 705 838 736 mentem
872 692 1228 749 voluntatemque
1263 695 1476 735 commu-⁴

38 764 212 808 nicandi
246 781 463 822 sermone,
496 764 683 817 nutibus,
717 764 894 821 aliisque
944 764 1129 806 externis
1165 764 1314 820 signis:
1363 765 1475 822 quin'

35 836 132 897 imo
165 837 284 879 Deus
318 837 420 893 ipsis
454 837 578 879 etiam
615 835 747 878 brutis
781 835 963 877 modum
994 834 1108 878 dedit
1143 836 1334 893 proprias
1370 841 1473 894 pas-'

34 908 185 951 siones
209 908 395 950 exterius
419 906 658 950 exhibendi.
683 900 797 963 Ergo
821 922 842 949 a
866 905 1033 949 fortiori
1062 918 1201 963 potest
1224 907 1319 964 lpse
1344 906 1463 964 loqui

36 975 114 1023 seu
150 992 338 1023 mentem
362 978 716 1036 voluntatemque
755 994 891 1035 suam,
930 976 1074 1020 modis
1114 977 1288 1036 quidem
1324 979 1471 1021 multo

40 1050 309 1103 melioribus,
335 1050 502 1094 homini
528 1049 759 1108 patefacere
783 1051 931 1108 (1).—
953 1050 1056 1093 Non
1080 1049 1334 1093 secundum.
1359 1051 1464 1093 Ete-

35 1123 130 1165 nim
164 1122 265 1166 haec
299 1123 380 1165 Dei
410 1121 460 1165 ad
495 1122 718 1164 hominem
753 1121 915 1164 locutio
965 1137 1052 1164 non
1104 1134 1167 1164 est
1216 1122 1295 1163 nisi
1345 1134 1462 1164 actus

36 1193 369 1252 specialissimae
402 1208 525 1236 curae
558 1208 603 1235 ac
637 1191 931 1249 providentiae
962 1207 1060 1248 erga
1110 1205 1343 1235 creaturam
1391 1208 1463 1235 ra-

35 1267 259 1310 tionalem.
293 1267 425 1323 Atqui
459 1278 577 1309 actus
626 1265 957 1324 specialissimae
991 1280 1088 1322 erga
1125 1278 1359 1308 creaturam
1394 1257 1463 1309 rai-

35 1337 241 1380 tionalem
279 1353 403 1380 curae
437 1353 481 1380 ac
515 1337 810 1395 providentiae
833 1351 919 1379 non
945 1337 1078 1379 modo
1103 1353 1190 1380 non
1227 1338 1462 1394 opponitur

35 1409 194 1453 divinis
226 1409 453 1466 attributis,
477 1409 551 1452 sed
584 1425 605 1452 e
633 1411 846 1452 contrario
870 1424 915 1451 ea
950 1409 1086 1465 magis
1111 1408 1314 1463 ostendit,
1339 1425 1459 1466 prae-

34 1482 162 1539 cipue
193 1496 296 1524 vero
329 1480 519 1524 divinam
553 1481 805 1538 sapientiam
839 1496 884 1523 ac
918 1480 1154 1524 bonitatem
1190 1480 1383 1523 illustrat.

158 1552 240 1611 2⁰.)
261 1552 365 1596 Non
398 1564 607 1610 repugnat
630 1566 681 1595 ex
706 1564 822 1608 parte
846 1550 1035 1594 hominis
1060 1552 1301 1609 accipientis
1336 1567 1459 1594 reve-

32 1623 257 1667 lationem.
283 1649 334 1655 —
362 1624 637 1681 Repugnaret
670 1624 800 1677 enim,
840 1636 1049 1681 quatenus
1090 1636 1235 1666 contra
1265 1636 1460 1667 naturam

34 1694 230 1737 hominis
273 1707 384 1737 esset
433 1695 654 1752 pervenire
702 1693 752 1737 ad
802 1695 988 1737 veritatis
1041 1695 1337 1751 cognitionem
1386 1711 1460 1753 per

32 1765 208 1809 alterius
242 1781 287 1808 ac
319 1767 576 1809 nominatim
609 1766 742 1823 ipsius
776 1766 859 1809 Dei
891 1766 1212 1809 institutionem
1245 1779 1286 1810 et
1320 1767 1462 1824 magi-

32 1836 231 1879 sterium.
265 1837 397 1894 Atqui
431 1835 511 1879 dici
545 1835 586 1879 id
621 1837 783 1893 nequit.

153 1907 268 1952 Nam
303 1920 468 1950 constat
502 1907 726 1950 hominem
760 1908 815 1950 ita
848 1923 940 1950 esse
973 1920 1123 1950 natura
1166 1924 1240 1951 sua
1285 1924 1459 1965 compa-

32 1991 192 2035 ratum,
227 1991 271 2021 ut
303 1978 353 2034 ard
387 1979 680 2036 cognitionem
714 1979 903 2021 veritatis
937 1980 1160 2036 pervenire
1194 1980 1329 2036 possit
1371 1982 1461 2022 non

32 2049 180 2093 solum
214 2065 288 2108 per
323 2051 541 2108 propriam
575 2049 829 2093 industriam
860 2065 934 2093 seu
970 2051 1363 2108 investigationem,
1386 2051 1461 2094 sed

31 2123 164 2164 etiam
198 2138 272 2180 per
304 2122 594 2166 eruditionem
630 2138 704 2166 seu
735 2121 974 2166 doctrinam
1010 2123 1200 2177 alterius,
1226 2124 1363 2167 immo
1387 2139 1462 2182 per

136 2325 195 2370 (1)
223 2323 260 2358 In
281 2335 333 2370 ps.
350 2324 479 2360 XCIII.
502 2334 535 2370 9.
559 2324 725 2371 legimus:
756 2339 774 2358 «
792 2326 864 2368 Qui
884 2325 1058 2371 plantavit
1079 2338 1202 2362 aurem
1223 2338 1298 2361 non
1318 2325 1463 2362 audiet?

31 2392 95 2418 :aut
127 2385 188 2430 qui
214 2383 318 2418 finxit
345 2384 506 2427 oculum,
531 2396 604 2419 non
633 2384 898 2420 considerat?»
929 2386 1152 2432 Subiungere
1179 2386 1346 2421 similiter
1372 2397 1460 2432 pos-

29 2453 171 2477 sumus:
199 2443 257 2489 qui
286 2443 447 2489 linguam
491 2443 600 2485 dedit,
638 2455 713 2478 non
753 2444 934 2491 loquitur?
960 2464 1005 2471 —
1032 2444 1147 2480 Porro
1185 2446 1256 2480 iarn
1296 2445 1462 2487 diximus,

36 2501 120 2553 quid
147 2502 193 2537 sit
219 2503 335 2550 loqui?
361 2503 409 2538 Ut
436 2503 482 2538 ait
510 2514 536 2537 s.
563 2502 739 2546 Thomas,
772 2514 799 2538 1.
826 2515 860 2549 p.
890 2516 922 2551 q.
955 2514 1029 2549 107.
1056 2516 1086 2539 a.
1129 2516 1176 2540 1.:
1216 2516 1238 2538 <‹
1252 2505 1341 2539 nihil
1368 2505 1463 2539 aliud

29 2569 89 2596 est
114 2560 212 2610 loqui
239 2562 282 2597 ad
310 2562 478 2605 alterum,
507 2573 614 2610 quam
641 2569 836 2611 comptum
865 2564 986 2599 mentis
1010 2564 1112 2599 al.¹eri
1139 2563 1398 2611 manifestare.»
