1737 2802
652 87 921 144 -137-

38 183 237 241 fdivinas
269 182 570 244 perfectiones,
603 182 702 227 hinc
744 183 787 227 in
820 183 1037 242 praesenti
1073 193 1185 226 statu
1222 196 1312 226 non
1343 196 1499 240 possu-

70 271 170 302 mus
200 256 348 301 omnia
381 254 433 300 de
461 255 557 299 Deo
581 269 856 312 cognoscere:
880 269 933 298 en
957 253 1089 312 igitur
1116 253 1331 312 mysteria.
1358 252 1499 297 Cum-

70 343 155 387 que
185 326 276 372 illas
307 327 420 387 ipsas
453 325 751 386 perfectiones,
799 341 902 385 quas
951 324 1154 383 referunt,
1200 340 1289 368 non
1322 329 1371 369 ea
1402 340 1496 384 per-

68 397 254 443 sectione
285 399 547 456 exprimant,
583 414 666 457 qua
699 411 798 442 sunt
830 398 871 441 in
906 397 1017 456 Deo,
1060 396 1161 441 hinc
1204 398 1247 441 in
1281 397 1495 456 praesenti

67 483 179 517 statu
209 486 362 516 eorum
386 471 529 524 etiam,
553 486 662 528 quae
696 468 940 513 naturaliter
973 468 1024 512 de
1049 469 1144 513 Deo
1168 469 1496 528 cognoscimus,

0 529 10 593 i
69 554 327 602 conceptum
351 542 556 587 habemus
584 558 669 585 non
705 542 789 585 iam
824 542 1065 599 proprium,
1098 540 1171 586 sed
1205 541 1492 599 analogicum.

0 600 17 664 f
68 639 126 649 —
159 615 307 660 Potest
339 614 513 674 quidem
561 615 679 658 Deus
719 613 920 657 roborare
971 613 1231 658 intellectum
1276 626 1495 674 nostrum,

0 668 8 721 l
68 702 256 746 eumque
278 686 454 731 reddere
476 699 698 744 potentem
733 685 783 728 ad
818 685 1168 742 cognoscentium
1195 686 1341 744 Ipsum
1380 687 1495 730 iuxta

69 758 253 804 modum
285 758 327 802 e't
363 758 545 817 gradum
579 757 759 801 naturali
793 757 1084 815 superiorem:
1120 757 1202 800 hoc
1235 770 1378 801 autem
1423 773 1494 800 su-

0 829 4 882 {
67 830 341 891 peradditum
375 829 671 874 adiumentum
702 846 776 873 seu
802 828 932 872 robur
965 842 1028 872 est
1053 844 1229 887 prorsus
1254 829 1492 874 indebitum

67 915 259 959 naturae,
290 914 417 960 atque
450 918 500 945 ex
535 914 649 959 parte
685 901 763 944 Dei
799 901 981 944 omnino
1015 902 1250 958 gratuitum
1283 900 1368 959 (1)

185 975 262 1020 111.
304 974 515 1017 Veritates
564 972 922 1030 superrationales
971 984 1071 1016 sunt
1117 973 1316 1016 veritates
1364 987 1494 1016 exce-

0 1046 7 1094 }
67 1046 217 1092 dentes
263 1047 350 1089 vim
391 1044 644 1089 intellectus,
696 1046 826 1103 Atqui
875 1046 1072 1089 veritates
1106 1044 1358 1089 excedentes
1405 1046 1495 1090 vim

67 1118 304 1164 intellectus
352 1118 440 1161 dari
474 1131 707 1176 nequeunt.
758 1117 870 1174 Ergo
905 1116 990 1161 dari
1041 1130 1260 1176 nequeunt
1294 1118 1494 1161 veritates

68 1189 427 1250 superrationales
460 1205 534 1233 seu
571 1190 786 1248 mysteria.

189 1263 296 1307 Dist.
331 1264 427 1306 mai.
472 1262 684 1306 Veritates
734 1263 1094 1320 superrationales
1143 1275 1242 1306 sunt
1294 1264 1495 1307 veritates

0 1522 4 1535 ,
161 1467 333 1531 (ι)“Ηυῑε
360 1485 559 1520 difficultati
586 1485 713 1519 simius
741 1494 794 1519 est
821 1484 908 1519 haec
937 1485 1059 1520 altera.
1090 1505 1134 1512 -
1161 1485 1347 1533 Quidquid
1385 1486 1494 1522 habet

67 1545 244 1580 rationem
271 1545 377 1587 entis,
405 1554 468 1587 est,
496 1546 529 1579 in
558 1545 734 1590 praesenti
761 1545 870 1579 etiam
901 1554 1005 1595 statu!
1020 1545 1293 1581 coniunctionis
1312 1557 1394 1581 curn
1414 1557 1495 1582 cor·

0 1611 4 1651 ζ
66 1616 169 1653 pore.
194 1605 400 1642 intellectus
425 1606 536 1642 nostri
565 1607 763 1642 obiectum.
791 1607 899 1654 Atqui
929 1606 1028 1641 nulla
1054 1616 1107 1642 est
1134 1607 1277 1650 veritas,
1308 1619 1399 1655 quae
1415 1619 1492 1643 non

65 1666 198 1703 habeat
223 1667 401 1702 rationem
440 1667 543 1701 entis.
572 1667 666 1712 Ergo
705 1666 803 1701 nulla
842 1675 895 1701 est
922 1666 1066 1709 veritas,
1101 1677 1207 1714 quae,
1238 1667 1275 1701 in
1314 1668 1492 1714 praesenti

0 1751 2 1770 5
41 1727 177 1763 0etiam
202 1736 296 1762 statu
323 1726 466 1761 unionis
484 1737 565 1760 cum
586 1737 751 1772 ,oi-pore,
774 1737 847 1760 non
868 1726 912 1761 sit
932 1726 1137 1762 intellectus
1154 1728 1270 1762 nostri
1288 1728 1491 1763 obiectum.

0 1776 6 1825 ἶ
66 1806 112 1814 —
138 1786 243 1834 Resp.
270 1786 360 1821 Dist.
387 1787 506 1822 maim.
532 1786 717 1821 obiectum
745 1784 972 1833 adaequatum
998 1797 1087 1822 conc.
1110 1787 1294 1833 proprium
1322 1799 1383 1822 seu
1405 1793 1492 1835 pro-

0 1844 5 1885 ?
60 1846 297 1894 portionatum
322 1857 417 1893 nego.
444 1846 492 1881 Ut
520 1846 625 1881 docet
653 1857 680 1881 s,
701 1845 877 1889 Thomas,
911 1857 937 1881 1.
961 1858 1034 1894 pq
1073 1845 1130 1891 85.
1158 1858 1189 1881 a.
1217 1856 1260 1891 7.,
1290 1862 1307 1877 ι
1329 1847 1375 1891 id,
1395 1848 1492 1895 quod

0 1901 5 1958 ᾗ
66 1916 121 1942 est
141 1909 262 1954 primo
287 1916 322 1942 et
342 1913 406 1954 per
431 1917 462 1941 sc
498 1906 688 1945 coernitum
715 1918 733 1940 a
762 1907 893 1943 virtute
932 1908 1194 1954 cognoscitiva,
1221 1917 1274 1942 est
1309 1910 1495 1955 proprium

65 1968 145 2003 eius
170 1967 367 2002 obiectum.
387 1982 404 1997 ι
450 1967 630 2011 Iamvero,
657 1976 693 2002 ut
734 1967 828 2002 idem
866 1967 996 2003 doctor
1034 1967 1095 2010 ait,
1127 1979 1154 2003 1.
1182 1979 1215 2014 p.
1240 1979 1273 2014 q.
1301 1967 1355 2010 84.
1383 1979 1415 2003 a.
1443 1979 1493 2013 7..

69 2026 309 2064 «intellectus
335 2027 470 2073 angeli,
498 2028 556 2074 qui
583 2037 635 2062 est
663 2027 822 2062 totaliter
848 2039 867 2061 a
895 2039 1046 2075 corpore
1082 2037 1277 2075 separatus,
1307 2028 1492 2063 obiectum

61 2087 244 2137 proprium
270 2096 323 2122 est
348 2086 550 2122 substantia
577 2086 816 2134 intelligibilis
843 2098 861 2122 a
889 2098 1045 2134 corpore
1071 2096 1248 2134 separata:
1276 2097 1311 2123 et
1339 2099 1403 2134 per
1427 2086 1493 2123 hu-

10 2193 12 2195 ,
67 2147 225 2184 iusmodi
250 2145 481 2193 intelligibile
508 2146 706 2182 materialia
733 2148 933 2194 cognoscit.
951 2147 1161 2183 Intellectus
1188 2156 1310 2182 autem
1330 2147 1492 2192 humani,

67 2207 128 2254 qui
154 2215 208 2242 est
235 2205 450 2241 coniunctus
477 2206 632 2253 corpori.
655 2206 838 2254 proprium
856 2207 1041 2242 obiectum
1068 2216 1122 2242 est
1149 2204 1319 2254 qtriddieas
1334 2211 1407 2242 sive
1424 2219 1491 2242 ηα-

66 2272 147 2303 tura
171 2266 208 2301 in
233 2266 383 2301 materia
408 2265 582 2314 corporali
607 2267 761 2301 existens:
789 2277 824 2302 et
852 2278 915 2313 per
940 2266 1148 2301 huiusmodi
1184 2275 1329 2302 naturas
1363 2267 1491 2302 visibi-

65 2326 156 2362 lium
194 2337 327 2370 terum,
352 2325 462 2362 etiam
500 2326 536 2361 in
577 2327 809 2362 invisibilium
850 2339 969 2362 rerum
1009 2326 1203 2375 aliqualem
1241 2328 1492 2375 cognitionem

66 2386 244 2423 ascendit.
266 2399 285 2419 n
315 2406 356 2412 —
384 2387 441 2422 De·
466 2387 534 2422 hac
561 2387 795 2422 distinctione
821 2388 954 2423 obiecti
982 2386 1190 2424 intellectus
1206 2388 1241 2422 in
1267 2385 1492 2435 adaequatum

10 2461 13 2467 ·
67 2454 103 2482 et
122 2445 430 2494 proportionatum
457 2444 496 2481 fit
521 2456 643 2481 sermo
670 2446 705 2480 in
733 2446 989 2493 Psychologia.
1011 2445 1067 2482 Cf.
1088 2446 1310 2487 Liberatore,
1330 2446 1489 2493 Metaph.

67 2515 164 2554 spec.
191 2514 281 2554 part.
306 2505 368 2542 alt.
393 2515 472 2552 cap.
503 2515 532 2541 1.
562 2514 626 2541 art.
655 2515 686 2550 5.
713 2504 766 2542 Cf.
795 2507 903 2542 etiam
929 2505 1107 2550 Schiffini,
1133 2505 1246 2552 princ.
1287 2505 1374 2553 phil.
1415 2505 1494 2542 Lo-

17 2580 42 2609 ,·,
66 2566 161 2615 gica,
183 2577 285 2602 num.
309 2575 392 2612 423.
