1737 2802
692 137 955 179 ——181—

111 227 386 286 substantiae,
428 229 783 284 transcendentis,
828 232 974 274 omnia
1022 231 1301 290 intelligibilia
1349 234 1538 280 humana

113 301 222 345 ratio
254 302 509 359 investigare
545 318 632 345 non
666 301 820 346 sufficit
853 302 938 362 (1)
961 321 981 344 »

234 372 406 426 Quibus
440 373 642 416 omnibus
677 374 780 418 haec
811 374 922 419 addo
955 393 1006 419 ex
1038 376 1285 422 Liberatore
1307 378 1390 438 (2):
1421 398 1443 420 «
1463 382 1538 424 In-

113 443 373 502 telligentiae
406 458 578 488 nostrae
601 445 748 490 lumen
781 446 952 491 finitum
976 464 1068 492 esse
1101 462 1142 492 et
1175 452 1300 494 certis
1329 451 1537 498 limitibus

115 515 507 574 circumscriptum,
542 532 671 560 nemo
704 519 784 560 nisi
820 519 992 562 insanus
1027 520 1210 577 negabit.
1237 523 1359 576 Quid
1393 537 1536 568 autem

113 585 192 630 sibi
215 587 321 646 vult,
340 588 661 645 intelligentiam
687 589 870 648 aliquam
896 591 1099 635 limitibus
1129 594 1431 650 circumscribi,
1455 599 1536 641 nisi

112 659 160 702 ab
185 659 252 703 illa
284 676 372 704 non
395 676 570 704 omnem
593 663 816 706 veritatem
842 664 989 722 attingi
1017 680 1158 721 posse,
1182 667 1255 710 sed
1280 667 1398 726 plura
1423 685 1537 728 esse,

114 731 253 774 immo
287 731 415 774 etiam
450 733 685 787 innumera,
710 749 816 791 quae
850 735 939 777 eius
974 737 1105 779 aciem
1141 742 1427 797 exsuperant?
1462 743 1537 786 Se-

114 817 200 856 cus,
234 804 267 846 si
302 802 353 846 ad
389 819 520 846 omne
553 820 702 847 verum
737 821 781 847 se
816 807 1072 864 porrigeret,
1108 811 1301 853 terminis
1341 812 1382 854 in
1429 829 1537 871 cog-

112 874 334 917 noscendo
369 888 539 918 careret.
577 877 618 919 Si
654 877 783 933 igitur
817 877 1006 922 humana
1040 881 1145 923 ratio
1180 883 1376 926 terminis
1411 885 1536 929 cohi-

112 944 249 1002 betur,
282 948 530 1003 angustiore
557 964 666 1005 gyro
692 949 1084 1007 comprehendatur
1118 966 1304 1012 oportet,
1326 972 1454 1014 quam
1484 959 1537 1002 sit

71 1069 83 1076 1
117 1017 281 1062 infinita
314 1019 553 1077 amplitudo
587 1022 675 1063 veri
705 1021 914 1065 obiective
950 1026 1139 1080 spectati.
1175 1026 1323 1079 Quare
1357 1030 1538 1073 omnino

113 1083 333 1148 desipiunt
368 1092 654 1136 rationalistae
697 1105 738 1136 et
784 1094 1113 1140 contradictoria
1161 1098 1291 1141 simul
1338 1101 1538 1158 iungunt,

114 1162 219 1206 dum
254 1176 445 1206 mentem
480 1178 673 1207 nostram
706 1163 871 1208 finitam
907 1182 999 1210 esse
1034 1168 1290 1227 concedunt,
1324 1183 1364 1214 et
1411 1172 1540 1216 simul

115 1238 316 1280 veritates
340 1234 570 1292 denegant,
588 1252 695 1293 quae
714 1238 804 1280 eius
830 1239 963 1280 aciem
988 1239 1364 1296 praeterlabantur.
1391 1243 1536 1295 Quam

114 1307 501 1352 contradictionem
530 1323 617 1350 non
651 1307 769 1351 aliter
792 1307 979 1366 effugere
1013 1325 1212 1368 possunt,
1248 1313 1328 1355 nisi
1356 1312 1539 1358 dicendo

111 1395 185 1427 aut
218 1390 387 1425 mentem
419 1393 611 1424 nostram
647 1396 741 1424 esse
773 1380 1000 1439 infinitam,
1033 1397 1103 1426 aut
1134 1399 1279 1426 verum
1312 1400 1405 1428 esse
1436 1384 1540 1428 fini-

111 1469 219 1499 tum.
255 1454 340 1499 Sed
374 1457 565 1514 primum
602 1452 782 1501 includit
816 1453 1154 1511 pantheismum,
1190 1456 1287 1513 quia
1327 1458 1536 1500 rationem
1594 1512 1597 1515 .

204 1639 260 1685 (1)
285 1638 380 1672 Tum
409 1648 495 1672 vero
514 1636 604 1671 haec
622 1636 755 1671 subdit:
791 1652 803 1662 v·
825 1636 916 1670 Huic
944 1636 1053 1670 etiam
1070 1636 1213 1670 veritati
1231 1647 1332 1670 sacra
1351 1637 1538 1684 Scriptura

110 1700 363 1735 testimonium
389 1698 566 1744 perhibet.
593 1698 732 1733 Dicitur
759 1696 870 1730 enim:
901 1696 1063 1731 Forsitan
1088 1697 1232 1743 vaestigia
1276 1697 1344 1732 Dei
1382 1707 1538 1746 compre-

62 1784 70 1792 -
111 1760 237 1803 hendes,
263 1765 292 1794 et
319 1771 424 1807 usque
450 1760 495 1793 α’]
522 1759 705 1805 perfectum
736 1757 995 1804 omnipotentem
1021 1758 1200 1804 reperies?
1239 1758 1332 1803 (Iob.
1370 1759 1450 1794 XII.
1478 1760 1538 1804 7.).

112 1821 169 1856 Et:
198 1821 280 1856 Ecca
308 1821 398 1855 Deus
425 1830 576 1865 magnus.
603 1819 739 1853 vincens
764 1817 943 1852 scientiam
968 1823 1120 1852 nostram
1145 1819 1240 1863 (Iob.
1257 1818 1426 1854 XXXVI.
1453 1819 1538 1866 26.).

113 1881 169 1916 Et:
197 1880 252 1916 Ex
272 1885 374 1927 parte
398 1880 626 1926 cognoscimus
653 1879 693 1923 (Ι.
720 1877 806 1912 Cor.
830 1877 928 1913 XIII.
954 1876 1016 1925 9).
1042 1877 1124 1912 Non
1153 1878 1263 1923 igitur
1291 1889 1413 1921 omne,
1440 1878 1539 1925 quod

111 1941 156 1976 de
183 1942 262 1976 Deo
289 1941 429 1982 dicitur,
457 1940 618 1987 quamvis
645 1940 786 1974 ratione
812 1938 1020 1981 investigari
1049 1949 1123 1972 non
1144 1939 1269 1984 possit,
1297 1939 1418 1974 statim
1439 1940 1540 1987 quasi

113 2001 242 2037 falsum
269 2010 321 2036 est
347 2001 600 2043 abiiciendum,
628 2009 665 2034 ut
697 1999 898 2034 xlanichaei
925 2007 959 2033 et
987 1998 1107 2044 plures
1147 1998 1349 2034 infidelium
1389 2009 1541 2045 putave-

113 2070 195 2096 runt
221 2061 275 2106 (S.
302 2063 407 2107 Aug..
437 2061 531 2094 Retr.
560 2061 583 2094 Ι.
618 2070 732 2103 14).»
756 2079 799 2084 -
820 2059 873 2094 Cf.
901 2060 1010 2094 etiam
1037 2068 1154 2094 contr.
1182 2068 1284 2105 gent.
1313 2059 1374 2094 lv.
1398 2071 1440 2095 1.:
1471 2061 1542 2096 «Si

111 2119 208 2166 ipsae
232 2120 311 2154 viae
334 2121 480 2166 (quibus
506 2120 549 2153 ad
576 2119 746 2154 notitiam
774 2119 840 2153 Dei
869 2121 1095 2165 pervenitur)
1124 2118 1335 2164 imperfecte
1376 2130 1540 2164 cognos-
1599 2149 1604 2154 .

111 2188 242 2214 cuntur
268 2191 286 2214 a
313 2179 432 2221 nobis,
461 2179 648 2226 quomodo
677 2191 738 2225 per
765 2190 826 2213 eas
852 2179 894 2214 ad
922 2177 1078 2225 perfecte
1105 2178 1406 2225 cognoscendum
1441 2180 1538 2227 ipsa-

110 2251 188 2274 rum
213 2241 358 2274 viarum
380 2240 590 2287 principium
617 2241 818 2286 poterimus
847 2240 1044 2285 pervenire,
1072 2239 1167 2286 quod
1195 2239 1271 2274 sine
1299 2240 1540 2286 proportione

112 2300 253 2335 excedit
279 2302 356 2335 vias
383 2300 609 2347 praedictas?
635 2301 786 2336 Etiamsi
815 2302 889 2334 vias
918 2300 1009 2346 ipsas
1036 2310 1351 2345 cognosceremus
1371 2299 1543 2346 perfecte,

110 2359 277 2394 nondum
303 2367 427 2394 tamen
454 2359 614 2405 perfecta
637 2360 809 2408 principii
836 2360 998 2405 cognitio
1018 2358 1126 2393 nobis
1153 2358 1305 2393 adesset.
1328 2371 1350 2392 »

207 2419 262 2465 (2)
289 2419 348 2453 Ius
367 2427 438 2453 nat.
458 2428 548 2465 part.
569 2430 595 2453 1.
613 2430 711 2453 num.
734 2429 784 2463 39.
805 2419 874 2453 Ubi
895 2428 991 2453 recte
1011 2418 1099 2452 haec
1121 2417 1230 2453 etiam
1253 2418 1363 2453 addit:
1396 2431 1412 2449 u
1429 2418 1544 2453 Multa

113 2487 209 2521 sunt,
234 2489 325 2525 quae
351 2491 394 2513 ex
421 2478 530 2512 libera
559 2479 625 2514 Dei
653 2479 840 2514 voluntate
861 2479 966 2513 unice
986 2478 1153 2525 pendent.
1175 2479 1211 2513 Si
1233 2478 1342 2523 igitur
1361 2477 1450 2512 haec
1470 2478 1543 2512 sint

114 2539 214 2583 talia,
238 2547 274 2574 ut
302 2540 465 2574 sensibus
492 2550 566 2574 non
594 2548 749 2586 pateant,
777 2550 836 2575 aut
863 2548 1007 2586 tempus
1037 2537 1196 2574 futurum
1223 2539 1281 2574 vel
1321 2539 1545 2584 praecedens

115 2599 321 2645 respiciant,
348 2611 421 2634 non
448 2600 550 2635 aliter
577 2600 659 2634 sciri
688 2609 850 2645 possunt,
877 2599 945 2634 nisi
971 2610 1014 2634 ex
1041 2599 1334 2635 manifestatione
1374 2599 1504 2634 divina.
1524 2610 1544 2631 n
