1737 2802
763 126 1029 157 —200—

178 212 353 256 lestibus
379 211 654 268 quaestiones
679 209 855 268 possint
875 208 982 252 solvi
1009 224 1135 267 parva
1152 220 1192 251 et
1214 208 1355 266 topica
1374 206 1606 261 solutione,

179 284 388 340 contingit
423 282 624 339 auditori,
658 295 704 325 ut
737 281 975 325 vehemens
1011 282 1064 325 sit
1097 280 1304 339 gaudium
1338 281 1442 324 eius.

299 356 359 398 Ex
396 354 550 412 quibus
585 353 788 398 omnibus
836 367 1028 412 apparet,
1060 353 1177 412 quod
1211 352 1262 396 de
1309 351 1434 396 rebus
1480 350 1608 396 nobi-

176 428 351 470 lissimis
387 440 788 484 quantumcumque
837 425 1088 484 imperfecta
1135 425 1325 482 cognitio
1375 425 1606 468 maximam

179 498 485 557 perfectionem
521 499 688 541 animae
725 497 904 541 confert.
943 498 993 540 Et
1027 496 1123 540 ideo
1158 498 1356 554 quamvis
1406 512 1467 554 ea,
1500 511 1608 554 quae

178 586 305 628 supra
330 574 538 613 rationem
558 583 673 623 sunt,
694 571 800 614 ratio
827 570 1017 612 humana
1036 568 1156 626 plene
1179 584 1327 626 capere
1350 583 1438 612 non
1458 569 1608 626 possit,

179 655 319 685 tamen
363 641 548 684 multum
585 641 664 684 sibi
700 641 979 700 perfectionis
1014 643 1072 700 (1)
1096 641 1288 698 acquirit,
1311 640 1345 682 si
1378 639 1527 689 saltem
1561 655 1607 682 ea

181 714 548 772 qualitercumque
582 728 720 757 teneat
758 713 889 758 fide.»

301 787 398 828 Hoc
430 785 542 829 aliud
576 786 925 830 animadvertam.
961 786 1107 829 Posita
1142 786 1452 844 mysteriorum
1490 801 1608 829 reve-

132 864 135 869 '
181 859 352 915 latione,
387 875 466 901 nos
501 858 556 914 id,
590 858 707 916 quod
744 860 961 917 optimum
998 859 1038 901 in
1072 857 1196 901 nobis
1230 870 1292 901 est
1325 870 1450 915 atque
1484 872 1609 915 prae-

177 931 506 986 stantissimum,
542 946 776 987 possumus
814 931 909 974 Deo
944 929 1097 973 offerre
1122 945 1167 973 ac
1192 929 1413 987 subiicere,
1449 944 1606 987 nempe

180 1005 392 1045 rationem:
426 1018 488 1057 ea,
525 1018 631 1060 quae
668 1002 908 1060 aliqualiter
941 1015 1107 1045 tantum
1158 1002 1452 1059 intelligimus,
1486 1001 1609 1061 plene

181 1089 227 1116 ac
260 1072 437 1116 firmiter
472 1074 694 1117 credentes
723 1074 776 1117 ob
811 1073 1069 1117 infallibilem
1093 1075 1172 1117 Dei
1206 1074 1422 1132 loquentis
1456 1086 1609 1117 aucto-

182 1145 363 1187 ritatem.
390 1146 588 1188 Iamvero
623 1159 685 1189 est
725 1162 777 1188 ex
812 1158 927 1203 parte
951 1146 1031 1189 Dei
1060 1147 1336 1199 conveniens,
1362 1144 1479 1203 quod
1512 1145 1609 1203 Ipse

181 1215 262 1258 hoc
286 1232 306 1258 a
331 1216 452 1259 nobis
486 1218 639 1273 exigat,
674 1218 914 1275 pariterque
940 1230 1003 1260 est
1027 1234 1076 1260 ex
1109 1229 1225 1275 parte
1250 1229 1394 1260 nostra
1426 1217 1607 1260 omnino

181 1290 453 1345 conveniens,
468 1290 585 1347 quod
605 1305 682 1332 nos
706 1289 786 1332 hoc
805 1291 890 1347 Ipsi
912 1289 1192 1332 exhibeamus
1212 1289 1484 1348 obsequium,
1506 1288 1605 1342 hoc,

182 1360 374 1417 inquam,
408 1360 665 1419 obsequium
698 1361 805 1405 adeo
840 1361 1128 1405 honorificum
1164 1375 1473 1420 acceptumque
1512 1362 1608 1404 Deo

180 1448 225 1475 ac
259 1432 383 1475 nobis
419 1435 704 1480 meritorjum.
743 1435 902 1478 Nonne
937 1435 1091 1478 utilitas
1128 1435 1244 1492 haec,
1277 1435 1311 1477 si
1345 1433 1447 1478 aliae
1480 1433 1608 1477 dees-

180 1518 286 1561 sent,
321 1505 385 1548 vel
419 1510 508 1548 sola
542 1505 753 1550 sufficeret
790 1506 839 1550 ad
874 1507 1187 1550 ostenlendam
1223 1508 1453 1550 maximam
1481 1521 1605 1550 ‚reve-

185 1575 356 1618 lationis
392 1577 572 1631 divinae,
608 1593 715 1635 quae
751 1578 954 1636 mysteria
988 1579 1113 1621 etiam
1151 1577 1473 1636 complectatur,
1506 1592 1608 1621 con-

182 1648 472 1691 venientium?

302 1734 369 1775 51.
406 1723 662 1766 ScuoLtoN.
715 1722 830 1766 Cum
880 1723 1013 1776 Deus,
1057 1723 1115 1766 sic
1163 1736 1347 1780 arguunt
1393 1721 1608 1780 nonnulli,

180 1795 315 1850 possit
352 1793 581 1851 perfectam
613 1797 922 1853 mysteriorum
948 1797 1244 1853 cognitionem
1267 1795 1427 1853 largiri,
1459 1797 1606 1840 incon-

180 1868 355 1908 veniens
384 1867 562 1920 videtur,
584 1867 701 1924 quod
726 1883 817 1911 eam
847 1868 1015 1911 homini
1039 1868 1235 1926 deneget.
1254 1894 1310 1902 —
1331 1868 1608 1926 Respondeo,

180 1937 297 1994 quod
332 1939 450 1981 iuxta
487 1939 758 1992 catholicam,
793 1956 923 1997 quam
948 1939 1016 1983 bic
1039 1942 1344 1998 supponimus,
1367 1939 1605 1984 doctrinam

181 2009 301 2052 Deus
337 2010 566 2067 perfectam
619 2014 927 2070 mysteriorum
975 2014 1268 2070 cognitionem
1318 2012 1484 2055 homini
1517 2026 1605 2055 non

277 2180 329 2222 (J)
357 2178 467 2221 Quod
495 2180 544 2213 sic
573 2180 682 2214 etiam
711 2180 850 2214 ostendi
880 2189 1012 2225 potest.
1041 2199 1080 2206 -ν-
1111 2179 1296 2215 Revelatio
1324 2179 1485 2226 mysterii
1519 2179 1606 2215 Tri-

180 2237 301 2271 nitatis
329 2249 368 2271 ac
397 2239 559 2284 mysterii
587 2239 851 2274 Incnrnationis
879 2238 1156 2285 profundiorem
1186 2239 1435 2276 nobisattulit
1472 2240 1605 2287 cogni-

179 2297 318 2331 tionem
347 2297 539 2332 notionum
563 2305 739 2344 personae,
766 2300 1003 2345 genu-ationis
1029 2309 1064 2335 et
1098 2305 1253 2337 naturae,
1291 2300 1480 2336 Revelatio
1520 2311 1604 2346 my-

180 2356 279 2390 sterii
306 2357 542 2392 Eucharistici
570 2359 790 2404 ampliorem
817 2359 922 2394 nobis
949 2359 1066 2394 attulit
1093 2360 1344 2406 cognitionem
1372 2361 1461 2395 circa
1496 2364 1604 2394 natu-

180 2426 257 2449 ram
295 2422 504 2462 corpoream,
543 2418 778 2460 extensionem,
816 2419 962 2465 spatium
1002 2428 1037 2453 et
1080 2419 1202 2454 locum.
1245 2419 1338 2466 Ergo
1381 2419 1604 2466 mysterium,

182 2475 348 2521 quamvis
374 2477 447 2510 suis
486 2478 530 2511 sit
556 2479 714 2512 tenebris
748 2478 976 2520 obvolutum,
1014 2491 1088 2514 non
1126 2488 1250 2514 tamen
1287 2480 1513 2520 obtenebrat,
1543 2478 1605 2513 sed

180 2534 363 2570 illuminat
392 2537 627 2572 intellectum:
654 2537 727 2571 hoc
752 2549 836 2572 sane
862 2538 982 2581 efficit,
1009 2548 1046 2573 ut
1072 2547 1173 2573 caute
1201 2538 1344 2573 incedat
1381 2538 1417 2573 in
1455 2539 1604 2573 ratioci-

181 2595 305 2630 nando
333 2608 542 2643 erroresque
570 2597 671 2632 vitet.

1668 0 1703 18 Ε

1734 306 1737 313 ,
1704 0 1737 275 “mm
