1737 2802
182 190 301 249 prius
334 204 422 233 non
455 201 518 232 est
549 188 714 232 licitum
721 224 818 233 .......
853 189 952 232 Hoc
983 200 1125 232 tamen
1159 189 1376 247 posterius
1410 205 1495 232 non
1545 202 1608 234 est

182 277 354 319 semper
385 260 597 318 illicitum,
630 259 704 304 sed
737 259 984 319 frequenter
1016 272 1079 303 est
1110 259 1287 304 licitum.
1323 259 1449 304 Unde
1491 261 1606 305 iuxta

183 347 464 377 communem
488 331 717 376 doctorum
740 332 994 377 sententiam
1018 347 1105 375 non
1130 344 1192 375 est
1225 331 1432 389 obligatio
1459 332 1605 376 utendi

183 402 396 458 medicina
426 404 636 461 exquisita
669 417 710 447 et
743 404 926 461 pretiosa
958 402 1009 446 ad
1042 402 1256 446 vitandam
1292 415 1493 447 mortem:
1523 418 1604 447 ne-

182 489 266 533 que
312 475 439 518 etiam
487 474 701 532 obligatur
748 475 843 533 quis
893 474 944 518 ad
993 474 1325 532 relinquendum
1374 477 1605 534 proprium

183 546 453 591 domicilium
480 559 521 590 et
545 547 739 604 patriam,
763 559 808 590 ut
835 545 1058 590 transferat
1079 562 1124 590 se
1157 546 1208 590 ad
1241 546 1364 590 aliam
1389 548 1604 592 civitatem

183 631 223 662 et
246 631 419 678 quaerat
443 618 725 661 salubriorem
749 634 890 661 aerem
926 634 1024 661 suae
1047 617 1280 662 valetudini
1304 633 1605 678 opportunum

183 705 226 737 et
257 692 560 736 necessarium:
594 690 697 734 haec
730 690 846 734 enim
881 691 1080 733 omittere
1111 705 1200 734 non
1234 703 1297 733 est
1329 707 1373 734 se
1394 690 1606 751 occidere,

181 764 256 808 sed
289 764 536 822 permittere
570 774 757 805 mortem
791 777 840 804 ex
863 777 907 804 se
941 760 1260 817 obvenientem‚
1286 774 1327 804 et
1360 762 1599 820 relinquere

180 853 227 881 se
259 836 484 881 ordinariis
519 847 559 878 et
587 832 893 877 communibus
929 833 1100 886 mediis,
1126 834 1216 876 sine
1249 832 1402 890 quibus
1436 833 1503 877 alii
1527 833 1606 878 ho-

181 910 321 953 mines
357 907 647 951 communiter
678 906 845 949 vivunt.
879 906 1031 963 Neque
1063 906 1179 948 enim
1223 894 1295 949 'hic
1342 922 1387 949 se
1435 905 1607 961 occidit,

180 979 256 1024 sed
289 980 473 1023 moritur
508 989 682 1036 propter
714 976 1030 1035 aegritudinem
1068 976 1137 1020 vel
1169 976 1462 1021 infirmitatem
1505 993 1607 1022 suae

180 1065 374 1106 naturae,
410 1050 476 1093 cui
512 1064 600 1091 non
632 1047 854 1092 tenebatur
882 1047 1022 1092 modis
1057 1048 1260 1092 omnibus
1284 1061 1473 1092 accurate
1506 1047 1607 1092 sub-

180 1122 338 1166 venire.
358 1138 378 1161 »

300 1194 350 1238 II.
375 1194 436 1236 Ex
469 1193 520 1235 iis
555 1205 713 1246 autem,
746 1207 852 1249 quae
886 1191 1088 1250 diximus,
1122 1205 1293 1250 apparet
1317 1194 1470 1236 veritas
1494 1193 1606 1238 illius

179 1265 368 1321 theseos,
404 1280 532 1323 quam
568 1264 857 1307 communiter
899 1276 1092 1307 statuunt
1134 1277 1344 1318 auctores,
1378 1265 1603 1323 nimirum,

180 1337 227 1382 ob
259 1336 546 1381 rationabilem
578 1337 805 1394 iustamque
837 1350 1004 1379 causam
1045 1335 1268 1394 aliqnando
1303 1337 1414 1380 licere
1462 1337 1608 1381 mortis

175 1409 360 1468 pericula
392 1424 440 1451 ex
470 1423 507 1451 se
539 1406 796 1450 obvenientia
829 1423 910 1450 non
949 1407 1110 1465 fugere,
1143 1416 1216 1451 ant
1263 1409 1383 1451 etiam
1416 1408 1465 1452 iis
1496 1423 1533 1451 se
1566 1422 1607 1451 se

179 1479 354 1524 obiicere.
389 1480 434 1523 E.
470 1494 510 1536 g.
546 1479 709 1536 optime
743 1479 829 1535 agit
861 1478 997 1532 miles,
1041 1480 1114 1536 qui
1148 1491 1345 1537 tempore
1378 1478 1477 1522 belli
1520 1491 1603 1523 sta-

179 1553 344 1597 tionem
379 1567 467 1595 non
501 1550 674 1608 deserit,
707 1550 804 1594 licet
827 1563 977 1594 -certus
1011 1550 1230 1594 moraliter
1276 1552 1331 1594 sit
1379 1550 1497 1610 quod
1548 1549 1605 1594 ibi

181 1638 434 1683 permanens
469 1621 516 1665 ab
561 1621 758 1665 hostibus
807 1620 1100 1666 interficietur:
1149 1622 1339 1680 itemque
1386 1621 1604 1678 sacerdOS,

181 1697 253 1754 qui
289 1708 485 1752 tempore
511 1695 640 1751 pestis
677 1693 968 1737 confessiones
993 1706 1269 1751 aegrotorum
1303 1693 1433 1748 audit,
1458 1696 1606 1752 eisque

181 1778 444 1810 sacramenta
478 1766 691 1808 ministrat
725 1781 821 1808 cum
847 1764 1072 1808 manifesto
1098 1766 1286 1822 contagii
1316 1765 1505 1823 periculo
1530 1767 1605 1823 (Ι).

277 2024 332 2069 (1)
360 2023 534 2060 Sacerdos
561 2024 595 2058 in
624 2024 678 2067 iis,
706 2023 749 2059 de
787 2024 914 2070 quibus
954 2023 1122 2066 diximus,
1149 2024 1327 2059 adiunctis
1365 2036 1439 2058 non
1479 2023 1608 2059 dicitur

181 2084 332 2119 adimere
357 2085 421 2119 sibi
445 2086 573 2127 vitam,
603 2086 663 2120 sed
692 2084 774 2119 dare
799 2086 908 2119 ‘vitam
934 2096 1042 2128 suam,
1064 2090 1192 2131 ponere
1219 2087 1376 2118 animam
1401 2096 1506 2119 suam.
1524 2085 1605 2120 Pri-

181 2153 282 2177 mum
315 2153 367 2178 est
395 2143 569 2178 illicitum.
599 2145 655 2179 De
680 2143 794 2179 altero
822 2152 940 2178 autem
970 2153 1049 2178 actu
1078 2143 1244 2190 legimus,
1271 2144 1322 2178 Io.
1348 2143 1429 2178 XV.
1462 2153 1525 2186 13„
1551 2142 1606 2178 di-

183 2210 279 2237 ctum
308 2214 326 2237 a
353 2202 499 2238 Christo
527 2203 704 2238 Domino:
729 2215 750 2236 ‹<
771 2203 949 2238 Maiorem
978 2203 1044 2237 hac
1071 2203 1307 2238 dilectionem
1341 2214 1452 2238 nemo
1489 2202 1609 2247 habet,

182 2269 219 2296 ut
245 2262 404 2297 animam
431 2274 532 2298 suam
559 2272 669 2310 ponat
696 2264 773 2310 quis
792 2274 857 2309 pro
878 2263 1003 2298 amicis
1021 2263 1107 2298 suis.
1124 2277 1142 2296 »
1169 2263 1282 2298 Vides
1301 2275 1387 2310 ergo
1406 2263 1608 2297 maximum

181 2333 260 2357 esse
287 2322 482 2358 discrimen
509 2325 602 2359 inter
629 2323 715 2358 haec
743 2323 814 2358 duo
843 2343 861 2349 -
890 2323 1051 2358 adimere
1077 2323 1144 2358 sibi
1185 2323 1294 2359 vitam
1325 2343 1344 2350 -
1373 2323 1456 2358 dare
1495 2323 1608 2358 vitam

181 2392 295 2416 suam.
324 2382 395 2424 Qui
423 2382 547 2417 adimit
574 2384 638 2417 sibi
662 2385 786 2427 vitam,
818 2385 848 2418 is
886 2384 1046 2429 seipsum
1083 2384 1263 2419 interficit:
1306 2385 1366 2431 qui
1404 2384 1462 2419 dat
1499 2384 1608 2418 vitam

180 2450 290 2484 suam,
318 2442 345 2476 is
373 2443 416 2476 ab
444 2442 512 2478 alio
538 2443 764 2486 interficitur,
792 2444 870 2490 ipso
899 2443 1044 2490 quidem
1072 2455 1147 2478 non
1176 2443 1362 2479 resistente
1401 2454 1463 2478 seu
1491 2443 1609 2488 impe-

183 2500 384 2536 dimentum
413 2513 487 2537 non
508 2512 725 2548 apponente,
745 2514 827 2537 curn
852 2511 975 2538 tamen
995 2503 1299 2549 impedimentum
1331 2513 1514 2549 apponere
1531 2513 1607 2537 non

182 2567 359 2595 teneatur:
385 2561 534 2605 scilicet,
563 2563 641 2609 ipso
670 2563 900 2609 permittente
926 2571 1084 2598 mortem
1113 2563 1308 2610 propriam.
