1737 2802
701 113 964 156 -305-

635 358 804 401 Tin-:Sis
839 357 1028 400 XXVII.

107 489 145 532 .I.
181 487 246 530 Ex
277 486 546 530 contractibus
579 486 716 529 valide
740 488 850 529 initis
872 487 1080 529 naturalis
1101 488 1235 529 oritur
1257 486 1459 543 obligatio,
1483 486 1548 530 vel

233 573 280 602 ex
304 567 476 616 utraque
505 567 622 615 parte¹
655 559 719 601 vel
741 574 790 601 ex
812 559 1012 600 alterutra
1046 566 1223 605 tantum,
1245 567 1368 614 prout
1393 558 1548 601 onerosi

236 640 332 674 sunt
366 631 428 673 vel
455 631 646 687 gratuiti.
680 632 733 673 ΙΙ.
771 632 939 674 Dantur
979 639 1117 672 arctam
1165 629 1411 672 conditiones
1461 632 1547 687 ipso

238 701 424 744 naturali
457 703 541 744 iure
576 703 818 745 necessariae
849 701 905 743 ad
941 709 1224 744 contractuum
1271 701 1547 744 validitatem.

236 774 310 817 111.
348 773 474 816 Porro
509 773 700 830 obligatio
734 788 780 815 ex
812 782 1020 816 contractu
1053 781 1145 815 orta
1183 780 1311 830 potest
1358 772 1548 829 pluribus

237 860 286 887 ex
317 844 447 886 causis
480 843 654 897 deficere.

240 969 310 1023 85.
343 969 713 1012 Pam-:Nouos-Es.
736 969 955 1022 Diximus,
982 967 1136 1012 factum
1171 969 1452 1026 praecipuum,
1475 983 1550 1025 per

119 1039 238 1097 quod
270 1039 318 1082 fit
351 1039 536 1083 dominii
569 1038 808 1093 translatio,
843 1055 934 1081 esse
967 1048 1205 1082 contractus.
1246 1039 1358 1081 Hinc
1406 1051 1550 1081 rectus

119 1111 228 1154 ordo
262 1111 407 1168 exigit,
432 1124 477 1153 ut
501 1110 686 1153 breviter
712 1110 778 1152 liic
804 1109 854 1152 de
889 1111 1178 1153 com-actibus
1212 1125 1404 1166 agamus.
1439 1110 1544 1152 Duo

119 1194 261 1225 autem
297 1183 336 1224 in
363 1183 514 1239 primis
548 1182 780 1225 trademus:
806 1206 861 1214 —
885 1182 982 1239 qnid
1014 1183 1066 1225 sit
1100 1194 1342 1224 contractus
1367 1207 1423 1214 —
1446 1197 1552 1238 qm:-

120 1253 259 1311 tuplex
290 1256 342 1296 sit
377 1265 636 1296 contractus.

239 1325 269 1366 1.
306 1324 565 1367 Contractus
614 1336 677 1366 est
726 1324 976 1380 conventio,
1024 1339 1099 1380 per
1146 1339 1274 1380 quam
1325 1339 1436 1366 unus
1478 1335 1550 1366 aut

121 1395 264 1453 plures
297 1411 340 1438 se
375 1394 566 1452 obligant
600 1410 701 1452 erga
736 1411 869 1437 unum
907 1408 977 1437 aut
1001 1394 1142 1452 plures
1176 1395 1279 1438 alios
1316 1395 1365 1438 ad
1390 1394 1549 1453 aliquid

120 1465 309 1509 dandum
343 1466 408 1508 vel
457 1465 698 1509 faciendum
734 1466 799 1509 vel
849 1466 1154 1508 omittendum.
1202 1467 1412 1524 Exemplo
1463 1467 1551 1509 si17t

122 1538 281 1594 locatio,
314 1539 356 1581 in
390 1553 473 1596 qua
507 1554 609 1581 usus
643 1538 821 1581 alicuius
857 1538 913 1580 rei
951 1537 1088 1594 pretio
1124 1537 1391 1581 conceditur:
1429 1552 1553 1580 man-

120 1609 281 1665 datum,
313 1610 354 1652 in
390 1625 477 1667 quo
512 1610 607 1667 quis
642 1626 692 1652 ex
725 1608 867 1652 officio
902 1621 973 1651 aut
1006 1609 1192 1651 amicitia
1226 1609 1453 1666 negotium
1488 1607 1554 1651 al-

122 1681 254 1723 terius
279 1680 358 1723 sibi
383 1680 686 1723 demandatum
722 1681 813 1723 sine
849 1679 929 1722 ulla
964 1679 1159 1723 mercede
1192 1679 1434 1737 gerendum
1458 1695 1557 1728 sus-

127 1752 248 1809 cipit,
284 1767 329 1794 ac
364 1753 397 1794 si
433 1751 483 1795 de
519 1767 562 1794 re
596 1767 671 1794 sua
705 1763 918 1808 ageretur.

242 1823 295 1867 II.
338 1824 598 1867 Contractus
648 1821 900 1866 dividuntur
947 1822 1255 1880 multipliciter:
1306 1825 1557 1882 praecipuas

122 1907 292 1938 tanturn
328 1895 562 1938 divisiones
598 1898 741 1952 paucis
779 1896 1023 1937 innuemus.

244 1971 288 2014 α)
325 1966 586 2009 Contractus
621 1966 874 2009 dividuntur
904 1966 945 2008 in
970 1981 1154 2009 onerosos
1178 1979 1219 2009 et
1247 1967 1452 2023 gratuitos
1478 1968 1556 2024 (15.

123 2061 182 2068 -—
205 2036 377 2079 Etenim
401 2052 452 2079 ex
477 2035 827 2079 contrahentibus
850 2034 916 2078 vel
941 2049 1124 2092 uterque
1148 2037 1333 2080 invicem
1357 2037 1423 2080 vel
1448 2037 1558 2080 alte-

221 2257 274 2302 (ι)
303 2257 520 2292 Contractus
538 2258 671 2290 onerosi
691 2258 882 2303 praecipue
902 2266 997 2291 sunt:
1016 2258 1247 2303 permutatio,
1261 2257 1402 2304 emptio
1422 2267 1455 2292 et
1476 2269 1564 2293 ven-

124 2315 227 2358 ditio,
258 2316 391 2351 locatio
419 2325 453 2351 et
481 2316 691 2358 conductio,
721 2316 980 2362 emphyteusis,
998 2327 1126 2351 census
1145 2326 1212 2351 etc.
1231 2316 1450 2352 Contractus
1476 2329 1564 2364 gra-

124 2375 204 2409 tuiti
221 2385 316 2410 sunt:
338 2375 546 2421 promissio,
566 2375 730 2417 donatio,
750 2375 1027 2410 commodatum
1048 2385 1081 2410 et
1109 2377 1325 2421 precarium,
1348 2377 1558 2421 depositum

124 2442 159 2468 et
187 2443 427 2481 sequestrum,
457 2433 668 2468 mandatum
699 2444 731 2469 et
758 2436 876 2480 gestio
905 2436 1151 2480 negotiorum,
1179 2445 1360 2472 mutuum.
1460 2436 1565 2472 Con-

125 2501 259 2527 tractus
286 2493 484 2529 bilateralis
512 2493 641 2528 dicitur
668 2494 774 2528 etiam
803 2494 1119 2541 synallagmaticus,
1139 2507 1182 2530 ex
1201 2496 1320 2530 verbis
1339 2495 1476 2542 graecis
1498 2497 1566 2528 σύν

126 2562 210 2587 cum
237 2562 272 2588 et
303 2554 475 2586 κηάσσω
504 2563 685 2599 permuto.

1374 2610 1422 2637 20
