1737 2802
807 182 1074 225 „170-

781 444 949 488 Tmasrs
982 444 1102 487 XIII.

234 599 441 645 Revelatio
475 600 640 652 divina,
674 615 755 642 non
788 599 917 642 solum
943 597 1194 655 immediata,
1216 597 1282 641 sed
1314 599 1436 641 etiam
1463 597 1656 655 mediata,

351 679 403 713 cst
437 672 600 714 omnino
628 670 847 729 possibilis.

351 840 420 881 41.
458 826 831 869 PRAENorioNEs.
857 825 921 868 De
956 823 1167 868 divisione
1191 823 1461 867 revelationis
1486 822 1658 867 divinae

233 897 275 939 iri
309 896 604 940 immediatam
641 910 681 940 et
714 896 944 939 mediatam
980 895 1168 939 diximus
1200 896 1285 939 iam
1320 896 1363 938 in
1411 895 1660 954 praenotio-

233 968 357 1011 nibus
390 968 521 1011 thesis
570 968 873 1026 praecedentis.
919 967 1002 1011 Sed
1046 980 1092 1010 ut
1141 967 1293 1010 clarius
1343 966 1482 1011 adhuc
1527 983 1660 1025 appa-

233 1053 334 1096 reat,
368 1040 470 1098 quid
514 1042 568 1083 sit
611 1039 811 1083 revelatio
855 1038 1052 1096 mediata,
1103 1041 1219 1083 iuvat
1271 1055 1404 1098 pauca
1447 1038 1670 1098 quaedam,

234 1111 400 1155 addere.

354 1182 525 1240 Duplex
547 1198 646 1226 sane
670 1184 850 1240 cogitari
876 1196 1019 1241 potest
1042 1182 1246 1226 revelatio
1276 1183 1431 1241 divina,
1462 1183 1663 1228 videlicet

232 1256 401 1311 privata
435 1253 576 1307 altera,
611 1254 738 1297 altera
765 1254 931 1312 publica
965 1271 1055 1311 seu,
1090 1268 1134 1297 ut
1168 1254 1248 1298 dici
1281 1255 1411 1298 etiam
1444 1254 1569 1309 solet,
1594 1270 1660 1298 ca-

234 1324 404 1368 tholica.
438 1352 496 1358 —
528 1327 695 1369 Privata
727 1339 791 1368 est
823 1325 908 1379 illa,
943 1342 1049 1384 quae
1072 1325 1118 1369 fit
1152 1327 1275 1369 certis
1300 1326 1556 1385 quibusdam
1580 1326 1659 1371 ho-

235 1397 422 1440 minibus
458 1397 507 1441 ad
541 1399 738 1455 ipsorum
772 1399 990 1456 propriam
1023 1413 1098 1441 seu
1134 1399 1341 1455 privatam
1376 1397 1657 1442 directionem

234 1482 359 1527 atque
392 1469 634 1512 utilitatem.
670 1468 842 1513 Publica
875 1486 979 1513 vero
1014 1483 1078 1513 est
1112 1470 1192 1527 illa,
1226 1486 1333 1528 quae
1380 1471 1436 1514 ita
1482 1469 1528 1513 fit
1576 1470 1660 1514 ali-

236 1541 390 1599 quibus
425 1541 689 1598 hominibus,
722 1554 767 1584 ut
796 1558 846 1584 ex
879 1556 1022 1585 mente
1046 1542 1128 1584 Dei
1163 1541 1387 1585 ordinetur
1409 1555 1451 1585 et
1485 1557 1559 1600 per
1583 1558 1662 1586 eos

235 1614 559 1657 transmittenda
594 1615 647 1657 sit
682 1615 829 1657 ceteris
865 1614 1066 1658 omuibus
1100 1630 1174 1657 seu
1210 1615 1433 1657 universae
1466 1615 1659 1658 societati

236 1686 473 1743 religiosae.
499 1687 623 1729 Prior
645 1686 847 1730 revelatio
871 1699 933 1729 est
959 1687 1233 1729 communius
1268 1685 1554 1730 solummodo.
1574 1687 1666 1729 im-v

237 1758 430 1802 mediata.
470 1757 616 1801 Altera
663 1771 803 1801 autem
856 1758 1054 1801 revelatio
1103 1772 1190 1800 non
1239 1769 1302 1800 est
1349 1756 1659 1801 tantummodo

237 1829 499 1881 immediata,
535 1829 609 1872 sed
643 1830 786 1886 etiam,
821 1830 958 1872 immo
992 1829 1199 1885 maxime,
1223 1827 1419 1872 mediata.

355 1903 550 1945 Iamvero
586 1901 636 1944 de
670 1901 747 1944 hac
779 1901 905 1944 altera
938 1899 1198 1944 revelatione
1242 1902 1477 1958 quaeritur,
1511 1912 1660 1943 utrum

237 1989 284 2016 ea
317 1975 370 2017 sit
420 1973 660 2031 possibilis:
697 1986 843 2015 utrum
892 1973 975 2015 hoc
1017 1971 1106 2015 fieri
1145 1973 1294 2030 possit,
1338 1984 1384 2015 ut
1417 1973 1536 2015 Deus
1585 1987 1663 2030 per

238 2046 421 2104 aliquem
455 2046 521 2090 vel
555 2062 629 2104 pei·
671 2046 854 2104 aliquos,
891 2045 1044 2103 quibus
1093 2045 1338 2089 immediate
1370 2044 1559 2098 locutus,
1589 2046 1661 2102 sit,

237 2132 454 2176 tamquam
491 2133 565 2176 per
597 2133 700 2160 suos
733 2117 897 2175 legatos
932 2116 1131 2174 loquatur
1163 2116 1266 2170 aliis,
1292 2119 1345 2160 ita
1379 2130 1425 2160 ut
1459 2116 1660 2160 omnibus

238 2190 413 2247 quidem
447 2202 637 2233 mentem
672 2204 793 2232 suam
817 2189 989 2246 aperiat,
1025 2203 1177 2232 omnes
1201 2187 1378 2245 quidem
1411 2187 1561 2231 doceat
1582 2204 1656 2231 seu

238 2262 408 2318 dirigat,
441 2275 585 2305 tamen
633 2276 721 2304 non
770 2276 922 2304 omnes
955 2274 995 2304 et
1042 2260 1236 2318 singulos
1279 2259 1542 2305 immediate.
1585 2261 1663 2304 Est

238 2346 382 2376 autem
417 2334 538 2387 ratio,
563 2349 637 2376 cur
669 2346 860 2376 accurate
885 2333 991 2376 hanc
1016 2345 1322 2391 pertractemus
1346 2333 1659 2390 quaestionem.

239 2406 347 2449 Sunt
381 2406 512 2461 enim,
546 2408 617 2462 qui
653 2404 736 2448 hoc
759 2403 993 2448 affirment:
1018 2405 1101 2448 nisi
1126 2405 1244 2448 Deus
1279 2403 1442 2448 dicatur
1463 2403 1663 2462 singulos

239 2478 408 2529 docere,
444 2477 668 2520 universos
700 2476 900 2520 homines
926 2477 1135 2520 instruere
1158 2491 1397 2535 numquam
1421 2488 1573 2534 potest.
1599 2476 1658 2519 Hi

239 2548 420 2606 proinde
452 2560 656 2601 statuunt,
691 2547 799 2590 nihil
831 2547 998 2591 admitti
1041 2547 1212 2601 debere,
1257 2548 1339 2591 nisi
1377 2547 1497 2602 illud,
1540 2546 1661 2606 quod

239 2621 358 2663 Deus
382 2619 560 2677 singulis
585 2619 834 2662 immediate
858 2632 1071 2677 proponat
1095 2620 1359 2678 interiusque
1376 2618 1562 2663 revelet:
1585 2618 1661 2677 qui
