1737 2802
722 115 993 145 —211—

145 196 198 241 ad
230 196 394 240 cultum
428 196 611 240 deorum
649 198 928 256 pertinerent,
961 197 1188 254 diligenter
1220 210 1495 242 retractarent
1528 212 1572 243 et

144 280 366 327 tamquam
399 269 654 326 relegerent,
679 281 777 312 sunt
812 268 912 313 dicti
935 267 1111 326 religiosi
1142 284 1193 312 ex
1213 269 1432 326 relegendo,
1455 281 1571 314 tam-

144 356 274 399 quam
298 357 349 384 ex
373 339 596 398 diligendo
621 340 862 398 diligentes,
888 357 938 385 ex
962 340 1239 398 intelligendo
1269 340 1570 398 intelligentes:

145 411 211 456 his
244 413 361 455 enim
393 413 436 455 in
469 411 609 455 verbis
643 412 845 456 omnibus
869 413 980 456 inest
1010 413 1073 456 vis
1099 412 1251 471 legendi
1277 412 1441 471 eadem,
1464 429 1572 470 quae

143 483 190 527 in
221 482 481 541 religioso.»
523 510 578 516 —
612 483 676 527 Ab
711 484 787 526 hac
838 483 974 528 Tullii
1024 485 1232 528 sententia
1280 484 1438 528 recedit
1485 487 1572 529 La-

142 557 327 600 ctantius
361 557 559 614 inquiens
592 555 676 615 (1):
718 557 849 599 «Hac
880 555 1129 600 conditione
1152 557 1388 614 gignimur,
1423 570 1469 601 ut
1489 573 1569 615 ge-

142 629 305 672 neranti
340 643 419 671 nos
454 629 549 671 Deo
583 629 692 671 iusta
741 640 782 671 et
830 627 970 672 debita
1018 627 1224 686 obsequia
1273 628 1569 686 praebeamus,

144 699 257 743 hunc
279 699 422 744 solum
446 701 712 757 noverimus,
736 699 850 743 hunc
874 715 1117 758 sequamur.
1143 701 1240 743 Hoc
1262 701 1436 744 vinculo
1473 702 1567 759 pie-

142 772 240 814 tatis
274 770 465 815 obstricti
501 772 596 815 Deo
646 787 691 815 ac
723 772 887 829 religati
919 786 1085 828 sumus,
1120 771 1232 814 unde
1281 773 1370 829 ipsa
1417 772 1570 830 religio

142 858 301 887 nomen
337 845 512 901 accepit,
546 859 648 900 non,
682 856 729 886 ut
765 843 919 887 Cicero
964 844 1266 900 interpretatus
1301 855 1379 901 est,
1413 860 1434 887 a
1466 845 1569 887 rele-

138 913 315 972 gendo.»
357 941 409 946 —
443 914 585 958 Altera
615 914 731 971 baec,
756 931 882 973 quam
911 916 1156 961 Lactantius
1181 915 1324 972 tradit,
1348 914 1569 973 religionis

142 986 405 1044 etymologia
439 985 563 1029 nobis
599 986 733 1044 placet
768 987 920 1043 magis:
955 1003 1004 1029 ex
1038 987 1214 1044 proprio
1247 988 1361 1029 enim
1395 988 1571 1030 virtutis

145 1056 366 1115 religionis
401 1073 580 1100 munere
614 1056 869 1100 desumitur.
922 1058 1047 1110 Quae
1097 1057 1256 1100 scilicet
1303 1059 1438 1101 virtus
1487 1057 1570 1101 hoc

143 1127 268 1172 habet
302 1145 475 1185 munus,
498 1142 544 1172 ut
578 1141 814 1172 creaturam
850 1129 1116 1185 rationalem,
1140 1130 1320 1172 naturali
1355 1131 1436 1173 iam
1463 1145 1569 1188 pro-

143 1201 350 1260 pensione
384 1216 429 1243 ac
462 1200 606 1244 debito
641 1201 736 1243 Deo
786 1200 1000 1243 conditori
1050 1216 1130 1245 suo
1164 1202 1396 1259 obligatam,
1432 1204 1568 1260 magis

148 1274 372 1331 magisque
407 1273 546 1316 eidem
582 1274 677 1316 Deo
713 1289 786 1330 per
819 1273 1139 1330 superadditam
1174 1273 1340 1317 habitus
1390 1264 1586 1318 inclina-⁴

142 1346 305 1388 tionem
342 1345 573 1401 coniungat
607 1361 653 1386 ac
686 1359 803 1387 novo
838 1345 958 1402 quasi
992 1345 1163 1388 vinculo
1197 1346 1351 1403 selige&
1387 1362 1434 1389 ea
1472 1362 1569 1390 me-

143 1418 230 1460 rito
263 1417 401 1474 potuit
436 1417 590 1473 religio
624 1416 838 1474 appellari.
866 1418 983 1460 Haec
1017 1417 1066 1460 de
1089 1419 1208 1460 vocis
1244 1417 1371 1461 huius
1406 1432 1569 1477 etymo:

142 1487 326 1532 breviter
358 1504 470 1531 nunc
506 1487 556 1531 de
589 1489 707 1531 vario
743 1488 937 1539 eiusdem
971 1490 1089 1532 vocis
1123 1505 1201 1532 usu
1241 1503 1282 1533 et
1319 1491 1570 1549 acceptione

143 1561 388 1619 loquamur.

262 1633 322 1676 II.
352 1631 521 1689 Religio
570 1633 775 1690 accipitur
817 1633 951 1690 primo
1000 1632 1250 1686 subiective,
1286 1649 1365 1690 pro
1415 1635 1570 1677 virtute

144 1704 312 1748 morali:
347 1704 407 1747 sic
442 1717 583 1747 autem
620 1717 789 1762 accepta
823 1704 1036 1761 definitur,
1071 1706 1248 1748 interior
1285 1707 1450 1749 animae
1498 1706 1570 1749 ha-

144 1775 258 1819 bitus
292 1774 343 1818 ad
377 1775 569 1818 debitum
607 1777 702 1820 Deo
738 1775 901 1818 cultum
936 1775 1224 1834 praebendum
1258 1776 1461 1820 inclinans
1485 1777 1568 1837 (2).

143 1871 202 1881 —
233 1848 455 1905 Accipitur
487 1847 655 1891 secundo
690 1847 913 1905 obiectire,
938 1864 1016 1906 pro
1041 1848 1293 1892 collectione
1326 1847 1571 1892 officiorum

144 1918 196 1963 ad
232 1919 393 1962 cultum
427 1920 505 1962 Dei
543 1920 864 1976 pertinentium:
891 1919 972 1962 hoc
1007 1933 1149 1963 autem
1184 1922 1413 1978 posteriori
1443 1937 1569 1965 sensu

142 2003 315 2049 accepta
348 1990 553 2034 dividitur
588 1993 629 2032 in
662 1991 899 2034 naturalem
938 2004 977 2034 et
1027 1992 1265 2049 revelatam,
1300 2006 1427 2049 prout
1477 1993 1571 2036 solo

145 2063 322 2105 rationis
356 2062 518 2104 lumine
552 2063 798 2114 innotescit,
835 2075 904 2106 aut
938 2063 1144 2120 singulari
1180 2065 1260 2107 Dei
1295 2065 1430 2121 ipsius
1479 2065 1572 2108 elo-

144 2133 248 2190 quio
281 2149 354 2175 seu
390 2132 647 2176 revelatione
682 2133 803 2176 nobis
853 2133 1166 2177 manifestatur.
1202 2161 1254 2166 -—
1291 2136 1382 2178 Hac
1416 2136 1457 2178 in
1492 2151 1572 2193 pa-

146 2203 358 2262 ragrapho
392 2220 535 2247 sermo
570 2203 691 2247 nobis
726 2217 789 2248 est
813 2203 864 2247 de
900 2205 1108 2262 religione
1144 2207 1344 2264 inspecta,
1369 2223 1455 2251 non
1484 2209 1571 2251 iam

241 2408 297 2454 (1)
323 2408 401 2443 Lib.
428 2419 463 2450 4.
492 2409 535 2442 de
563 2420 644 2442 vera
673 2420 746 2455 sap.
774 2420 804 2443 c.
833 2408 887 2444 28.
928 2409 1062 2444 Eadem
1101 2408 1242 2444 videtur
1281 2421 1359 2444 esse
1387 2421 1414 2445 s.
1445 2412 1572 2457 Augu-

148 2468 231 2513 stini
258 2469 435 2502 sententia
463 2468 605 2510 aientis,
637 2467 678 2502 de
707 2479 790 2502 vera
830 2467 931 2513 relig.
959 2479 987 2502 c.
1015 2467 1090 2510 ult.,
1130 2482 1146 2499 ⁴<
1176 2468 1304 2515 religet
1343 2480 1410 2503 nos
1447 2469 1572 2516 reIPgio

147 2526 209 2559 uni
236 2527 482 2572 omnipotenti
510 2528 602 2562 Deo.
631 2543 647 2558 ,ι
678 2525 770 2561 Vide
799 2526 910 2561 etiam
939 2537 967 2561 s.
998 2526 1081 2569 Th.‚
1113 2538 1142 2561 e.
1171 2536 1268 2574 gent.
1296 2527 1318 2562 l.
1347 2527 1407 2562 111.
1436 2540 1465 2563 c.
1498 2539 1571 2576 119.

242 2585 294 2632 (2)
322 2585 377 2622 Cf.
403 2598 520 2633 super.
548 2586 621 2621 vol.
654 2597 681 2621 1.
709 2587 798 2621 thes.
827 2586 953 2621 LVIII.
983 2597 1065 2633 pag.
1093 2596 1170 2630 445.
