1737 2802
762 101 1020 132 ——212—

182 199 311 244 prout
344 198 406 228 cst
439 186 573 228 virtus
607 183 796 241 moralis,
819 184 893 228 sed
929 197 1056 243 prout
1080 198 1141 228 est
1175 183 1421 228 officiorum
1445 183 1497 228 ad
1519 184 1604 229 Dei

181 258 500 301 venerationem
535 258 818 315 spectantium
854 257 1119 315 complexus.
1148 257 1321 300 Horum
1355 254 1602 301 officiorum

181 330 311 388 (quae
345 330 517 386 partitio
552 327 676 372 debet
713 328 767 371 ob
817 329 965 372 oculos
1016 327 1176 385 haberi)
1211 328 1287 372 alia
1335 328 1510 387 quidem
1559 329 1602 371 in

179 400 385 457 credendo,
418 400 493 443 alia
541 416 643 443 vero
693 401 735 443 in
782 400 934 458 agendo
984 401 1239 445 consistunt:
1274 417 1308 446 e.
1344 417 1384 459 g.
1418 400 1607 458 ligamur

182 472 326 516 officio
360 485 401 515 et
433 471 605 515 tenendi
638 471 815 515 firmiter
851 473 995 516 Deum
1043 488 1136 516 esse
1185 475 1320 530 ipsam
1354 473 1606 528 bonitatem,

182 557 222 588 et
256 545 381 588 corde
416 558 539 602 atque
573 559 648 587 ore
692 545 835 587 Deum
870 543 924 587 ob
974 543 1183 588 infinitam
1230 545 1320 588 eius
1369 543 1604 588 bonitatem

181 614 391 659 laudandi.
428 616 541 658 Hinc
577 614 655 658 dici
690 628 802 658 recte
835 614 945 658 solet
979 615 1198 673 religionis
1249 631 1341 659 esse
1389 615 1604 674 duplicem

182 687 313 730 veluti
337 700 516 745 partem,
539 685 712 729 alteram
737 687 1002 744 theoreticam,
1023 686 1198 730 alteram
1219 688 1457 746 practicam:
1483 686 1605 730 theo-

182 761 308 803 retica
345 760 533 802 continet
564 760 758 802 veritates
795 759 1041 816 credendas,
1075 761 1257 818 practica
1290 760 1478 804 actiones
1528 774 1606 818 po-

181 831 355 876 nendas,
390 833 491 875 Pars
525 831 757 875 theoretica
792 830 964 874 alterius
999 832 1144 890 partis,
1178 847 1333 890 nempe
1383 833 1606 890 practicae,

181 905 399 947 motivum
435 916 496 947 est
530 916 570 946 et
603 904 756 947 anima.

303 990 370 1032 57.
404 978 786 1020 DEMONSTRATIO.
821 977 939 1019 Duas
974 976 1075 1020 haec
1122 976 1255 1020 thesis
1305 976 1607 1035 complectitur

181 1062 340 1107 partes,
376 1064 557 1108 quarum
590 1076 645 1080 —
680 1048 806 1091 altera
844 1049 1079 1092 naturalem
1112 1075 1169 1083 —
1202 1048 1330 1092 altera
1375 1050 1606 1093 revelatam

182 1121 438 1178 religionem
463 1133 637 1178 spectat.
663 1121 903 1179 Utramque
928 1134 1091 1178 partem
1116 1120 1300 1164 breviter
1322 1120 1604 1177 absolvimus,

181 1208 277 1235 cum
315 1205 491 1250 utraque
524 1193 577 1235 sit
612 1193 885 1250 perspicuum
911 1208 961 1235 ex
983 1191 1117 1235 tribus
1152 1192 1502 1250 praecedentibus
1526 1209 1605 1252 pa·-

181 1263 397 1322 ragraphis
432 1263 722 1308 corollarium.

299 1338 330 1381 Ι.
365 1337 467 1380 Duo
501 1348 643 1379 autem
678 1337 825 1379 statuit
857 1336 908 1380 de
932 1336 1139 1394 religione
1173 1337 1374 1391 naturali,
1397 1338 1604 1381 nimirum

177 1410 309 1467 primo
344 1409 433 1452 eius
467 1409 754 1461 existentiam,
789 1408 956 1452 secando
990 1409 1080 1451 eius
1116 1408 1379 1466 profitendae
1429 1410 1604 1453 univer-

181 1481 312 1524 salem
346 1497 523 1539 prorsus
566 1479 890 1537 obligationem.
924 1481 1050 1533 Quae
1099 1480 1185 1524 duo
1220 1496 1270 1524 ex
1305 1481 1370 1535 iis,
1404 1497 1512 1539 quae
1561 1481 1604 1524 in

180 1565 274 1595 toto
309 1552 391 1595 hoc
424 1551 604 1595 articulo
639 1551 839 1608 diximus,
876 1563 1018 1609 patent
1051 1551 1292 1596 manifeste:
1332 1552 1475 1595 existit
1505 1566 1605 1596 sane

181 1619 352 1667 summa
385 1622 630 1666 officiorum
664 1639 761 1680 erga
795 1624 941 1666 Deum
975 1623 1249 1678 naturalium,
1283 1639 1390 1682 quae
1425 1622 1473 1666 ab
1522 1623 1604 1667 ho·-

180 1696 296 1739 mine
330 1708 428 1737 sunt
461 1708 602 1738 sancte
636 1694 930 1738 custodienda.

299 1768 352 1810 Il.
386 1767 486 1810 Duo
520 1766 718 1810 similiter
741 1767 887 1809 statuit
915 1765 966 1808 de
989 1766 1198 1823 religione
1226 1767 1422 1817 revelata,
1447 1782 1607 1825 nempe

177 1842 312 1899 primo
346 1839 437 1882 eius
472 1837 798 1896 possibilitatem
832 1854 878 1880 ac
912 1838 1270 1891 convenientiam,
1303 1838 1474 1882 secundo
1511 1838 1605 1882 eius

180 1910 458 1970 profitendae,
491 1912 524 1953 si
558 1927 579 1954 a
612 1911 707 1953 Deo
742 1908 920 1953 naturali
954 1909 1153 1967 religioni
1187 1909 1513 1967 superaddatur,
1538 1924 1605 1953 ar·

182 1984 416 2026 ctissimam
451 1982 775 2040 obligationem.
811 1980 1011 2025 Profiteri
1046 1993 1190 2024 autem
1235 1981 1464 2025 revelatam
1505 1980 1606 2025 reli-

180 2057 355 2113 gionem
392 2053 612 2111 debemus,
644 2055 789 2096 omnia
838 2054 929 2096 eius
977 2052 1180 2110 dogmata
1226 2051 1475 2096 firmissima
1519 2051 1604 2097 fide

179 2127 382 2181 tenendo,
430 2128 569 2170 omnia
617 2127 806 2184 inquam,
857 2125 922 2168 illa
971 2140 1161 2184 quoque,
1195 2140 1381 2184 quorum
1431 2125 1604 2169 intimas

180 2201 365 2244 rationes
399 2199 585 2242 humana
619 2214 739 2242 mens
773 2211 955 2257 nequeat
988 2197 1239 2255 intelligere.
1284 2198 1402 2241 Haec
1449 2199 1606 2256 pariter

180 2284 280 2314 sunt
313 2287 362 2313 ex
395 2271 460 2327 iis,
493 2286 600 2328 quae
634 2271 675 2313 in
709 2271 931 2328 superiore
966 2268 1233 2327 paragrapho
1268 2268 1479 2322 diximus,
1515 2283 1603 2312 ma-

179 2342 346 2386 nifesta.

303 2414 369 2469 58.
403 2414 648 2458 SciiomoN.
682 2413 941 2456 Accedimus
975 2413 1122 2471 potius
1156 2412 1207 2457 ad
1242 2413 1329 2458 duo
1371 2411 1604 2456 refellenda

179 2497 426 2543 systemata,
460 2510 517 2517 —
539 2484 719 2527 alterum
754 2484 803 2529 de
835 2485 1071 2528 autonomia
1094 2486 1136 2528 in
1170 2485 1348 2543 negotio
1383 2483 1602 2542 religionis

179 2581 237 2590 -
269 2555 451 2600 alterum
486 2555 537 2599 de
569 2555 838 2614 indifferentia
874 2557 981 2600 circa
1014 2556 1203 2601 diversas
1236 2556 1482 2614 religiones.
