1737 2802
757 68 1019 123 ..258—

701 325 870 368 Tusssts
906 325 1069 369 XXIII.

171 457 367 500 Duellum
399 472 445 499 ex
472 457 643 514 privata
675 456 916 499 auctoritate
938 463 971 497 et
990 456 1164 512 privata
1187 470 1328 510 cansa,
1351 456 1599 499 nominatim

290 543 383 571 vero
417 529 578 571 honoris
610 542 750 579 causa,
786 535 1012 585 susceptmn
1062 528 1148 584 ipso
1192 536 1245 570 est
1289 529 1374 572 iure
1424 537 1601 572 naturae

291 608 473 642 vetltnm.

290 726 359 767 74.
394 712 762 755 PRAENo’rioNES.
801 711 1067 755 Gravissima
1117 712 1234 769 haec,
1268 728 1397 770 quam
1438 727 1597 770 aggre-

170 783 329 838 dimur,
364 783 560 840 quaestio
586 782 636 825 de
671 782 802 826 duello
826 798 914 825 non
950 794 1116 839 poterat
1140 796 1252 826 recte
1285 783 1479 842 clareque
1504 799 1599 842 per·

169 855 355 911 tractari,
390 855 471 896 nisi
507 854 587 896 hoc
637 854 748 906 loco,
785 853 946 897 scilicet
990 866 1088 911 post
1137 853 1300 898 solutas
1335 854 1438 913 duas
1483 855 1600 912 alias,

173 926 432 984 quibuscum
468 927 619 968 intime
654 925 866 982 cohaeret,
901 926 1176 983 quaestiones
1211 926 1261 969 de
1295 927 1513 970 occisione
1535 929 1602 971 sui

174 997 311 1055 deque
346 998 563 1040 occisione
596 997 778 1040 alterius.
802 996 913 1040 Illud
937 1009 1033 1040 ante
1068 998 1214 1040 omnia
1246 998 1514 1055 inquiramus
1541 1024 1594 1030 --

170 1069 275 1127 quid
310 1071 362 1111 sit
398 1069 588 1112 duellum
625 1097 680 1100 -—
714 1082 754 1112 et
802 1068 1041 1127 quotuplici
1093 1069 1226 1112 modo
1267 1069 1357 1114 fieri
1402 1069 1597 1114 duellum

171 1153 329 1199 potest.

288 1212 512 1267 Duellum‚
537 1213 571 1254 si
608 1224 787 1270 etymon
811 1225 994 1270 specteS‚
1030 1212 1145 1256 idem
1170 1225 1234 1256 est
1266 1229 1313 1257 ac
1336 1212 1495 1257 bellum
1521 1214 1596 1272 (1):

167 1281 326 1324 bellum
361 1295 503 1326 autem
539 1284 598 1326 sic
632 1295 773 1341 potest
821 1283 1005 1326 breviter
1056 1283 1237 1341 definiri,
1272 1285 1398 1327 unius
1448 1285 1597 1343 populi

165 1369 241 1396 seu
272 1354 449 1396 civitatis
484 1355 611 1396 unius
647 1366 795 1396 contra
819 1354 1000 1397 alterum
1026 1354 1237 1412 populum
1273 1371 1347 1398 seu
1383 1356 1597 1399 civitatem

167 1424 341 1468 alteram
367 1440 511 1482 pugna
534 1425 599 1468 vel
626 1424 871 1469 colluctatio
898 1426 947 1469 ad
973 1426 1172 1469 iniuriam
1191 1426 1511 1484 impediendam
1545 1442 1598 1471 ne

101 1500 105 1504 “
165 1495 236 1540 fiat
269 1509 340 1539 aut
376 1496 425 1540 ad
476 1497 673 1540 iniuriam
720 1496 879 1540 illatam
930 1496 1240 1542 vindicandam.
1285 1522 1336 1532 -
1368 1499 1484 1542 Usus
1533 1511 1599 1542 ta-

165 1584 267 1612 men
301 1568 396 1626 fert‚
430 1581 474 1611 ut
523 1569 699 1611 nomine
733 1568 859 1612 duelli
908 1568 1169 1627 intelligatur
1217 1568 1430 1626 singulare
1479 1569 1594 1613 duo-

166 1656 265 1683 rum
288 1640 353 1684 vel
377 1656 615 1698 paucorum
635 1639 863 1683 hominum
885 1641 996 1683 inter
1018 1656 1062 1684 se
1086 1654 1316 1698 certamen,
1336 1656 1424 1684 uno
1447 1639 1595 1699 verbo,

168 1710 489 1754 monomachia.

289 1782 518 1839 Singulare
554 1781 807 1825 huiusmodi
843 1794 1056 1826 certamen
1098 1782 1187 1826 fieri
1235 1783 1462 1841 tripliciter
1512 1799 1595 1842 po-

164 1865 259 1896 test:
295 1878 351 1886 -
386 1859 427 1903 oc)
463 1853 712 1897 auctoritate
743 1853 908 1912 publica
942 1865 983 1897 et
1016 1853 1070 1897 ob
1106 1870 1275 1897 causam
1310 1871 1385 1898 seu
1428 1854 1591 1898 bonum

159 1925 387 1983 publicum:
419 1952 478 1957 -
509 1924 558 1985 β)
593 1926 845 1969 auctoritate
875 1925 1039 1984 publica
1073 1938 1114 1969 et
1146 1925 1201 1970 ob
1235 1942 1405 1971 causam
1442 1928 1597 1985 priva-

167 2003 404 2056 rann—q)
439 1998 691 2041 auctoritate
718 1999 893 2056 privata
927 2009 967 2040 et
991 1996 1046 2041 ob
1080 2013 1251 2041 causam
1282 1998 1497 2056 privatam
1518 1999 1595 2055 (2).

288 2072 331 2119 α)
365 2068 430 2111 De
465 2067 606 2111 duello
652 2082 704 2111 ex
747 2069 1000 2111 auctoritate
1045 2067 1210 2126 publica
1243 2080 1284 2111 et
1318 2067 1372 2111 ob
1422 2083 1595 2112 causam

160 2138 369 2197 publicam
403 2152 605 2197 suscepto
639 2154 728 2182 non
751 2152 813 2182 est
837 2139 919 2182 hoc
941 2139 1040 2183 loco
1063 2138 1293 2196 agendum.
1319 2139 1468 2193 Quare
1491 2139 1593 2182 satis

259 2359 311 2404 (1)
337 2360 488 2394 Veteres
516 2360 612 2394 enim
640 2358 684 2393 du
710 2359 895 2404 ponebant
934 2370 999 2404 pro
1027 2358 1055 2392 b.
1083 2358 1140 2393 Sic
1181 2357 1314 2405 legitur
1340 2356 1487 2393 duonum
1527 2367 1593 2404 pro

163 2418 303 2453 bonum
330 2426 363 2453 et
391 2418 465 2452 duz'x
491 2429 555 2464 pro
583 2419 642 2453 bis.
667 2438 715 2444 ——
739 2419 858 2453 Notus
885 2427 937 2453 est
965 2417 1023 2452 ille
1050 2418 1189 2453 Horatii
1228 2429 1362 2453 versus:
1400 2429 1423 2451 «
1442 2417 1592 2454 Graecia

162 2477 347 2512 barbariae
374 2478 474 2513 lento
502 2478 626 2513 collisa
653 2478 818 2513 duello.»

259 2538 308 2581 (2)
338 2536 394 2572 Cf.
420 2537 557 2579 Gerdil,
585 2538 690 2572 traitt':
716 2538 777 2572 des
805 2538 968 2572 combats
995 2537 1189 2583 singuliers
1215 2537 1323 2584 chap.
1352 2546 1386 2580 5.
