1737 2802
224 209 378 260 maior,
414 224 543 263 quam
578 208 659 251 illis
692 222 803 253 esset
835 209 1118 267 temporibus:
1152 211 1186 253 si
1221 226 1327 269 ergo
1353 211 1517 269 primos
1550 209 1647 254 illos

222 279 422 322 homines
456 279 628 337 impulit
661 280 711 324 ad
745 296 792 323 ea
824 294 944 338 pacta
976 280 1176 337 ineunda,
1213 283 1352 326 multo
1386 283 1525 339 magis
1563 297 1644 326 nos

220 350 273 393 ad
305 365 351 393 ea
385 350 605 394 retinenda
638 367 685 394 ac
717 352 924 395 servanda
957 351 1082 396 debet
1114 353 1350 411 impellere.
1389 355 1644 412 Numquam

221 437 319 465 sane
354 438 507 466 omnes
541 437 582 467 et
616 424 775 481 singuli
809 424 1008 468 homines
1042 426 1333 468 consentirent
1364 425 1451 484 (1),
1485 425 1537 468 ad
1584 441 1644 477 ea,

223 509 330 551 quae
379 495 551 552 propria
599 495 767 552 habent,
802 497 844 538 in
878 512 1112 539 commune
1147 495 1358 553 ponenda:
1394 496 1455 550 (id
1501 509 1645 540 autem
1688 536 1690 538 ,

222 568 529 624 requireretur,
563 579 664 608 uta
695 568 919 624 primaevo
967 567 1038 610 illo
1081 580 1206 625 pacto
1254 567 1420 611 resilire
1467 567 1646 619 liceret).

225 639 270 682 Si
303 652 446 682 tamen
480 638 710 696 fingamus,
744 654 897 682 omnes
930 651 970 682 et
1004 638 1197 696 singulos
1231 654 1324 682 esse
1357 638 1409 682 ad
1457 637 1499 681 id
1546 637 1642 682 effi-

224 710 424 754 ciendum
460 724 643 768 paratos,
679 710 788 754 ordo
823 710 1033 768 publicuS,
1067 712 1140 768 qui
1173 723 1291 754 totus
1325 711 1470 754 statim
1516 725 1643 753 ever-

222 795 400 834 teretur,
435 795 597 825 vetaret
631 797 683 825 ne
716 781 759 825 id
780 795 1128 840 exsequerentur.
1153 807 1211 815 —
1233 782 1318 826 Sed
1350 782 1460 826 hanc
1492 781 1651 826 thesim

225 854 549 897 concludamus.

346 926 584 978 Quaerenti
611 926 761 983 primo,
794 926 1021 983 quomodo
1055 925 1103 968 ab
1137 926 1258 968 initio
1282 924 1390 968 facta
1413 923 1540 968 fuerit
1571 923 1653 968 bo-

223 1012 382 1040 norum
417 997 592 1050 divisio,
629 997 961 1055 respondemus,
995 996 1150 1040 factam
1182 996 1312 1040 fuisse
1361 1012 1415 1040 ex
1464 995 1649 1054 simplici

222 1070 508 1127 occupatione
543 1084 689 1111 rerum
725 1070 1029 1111 communium
1063 1069 1204 1123 (idest,
1238 1068 1434 1112 nondum
1469 1083 1651 1126 occupa—

222 1141 386 1200 tarum)
433 1140 774 1198 independenter
821 1142 950 1183 etiam
984 1157 1006 1183 a
1037 1140 1210 1184 decreto
1259 1156 1333 1184 seu
1374 1153 1516 1199 pacto,
1563 1155 1653 1198 quo

223 1228 334 1270 opus
369 1228 457 1255 non
490 1213 586 1269 fuit,
619 1213 959 1255 communitatis.
994 1238 1053 1245 -—-
1096 1213 1252 1266 «Hoc,
1297 1213 1353 1254 ait
1395 1211 1518 1269 Gury
1562 1211 1652 1270 (2),

222 1284 503 1327 verisimilius
538 1285 718 1326 omnino
752 1297 938 1342 apparet.
985 1283 1170 1328 Videtur
1218 1285 1334 1327 enim
1373 1283 1442 1327 ille
1490 1282 1648 1326 modus

223 1355 449 1399 divisionis
482 1355 718 1408 bonorum,
751 1371 909 1413 nempe
943 1371 1017 1413 per
1050 1357 1396 1414 occupationem,
1424 1354 1546 1400 valde
1579 1371 1652 1398 na—

222 1427 370 1470 turalis
403 1439 444 1470 et
476 1426 719 1483 facillimus,
753 1426 857 1470 dum
892 1426 958 1470 alii
992 1426 1308 1470 difficultatibus
1358 1441 1446 1471 non
1494 1427 1642 1485 paucis

224 1499 520 1542 subiiciuntur.
540 1516 560 1538 »

344 1571 583 1623 Quaerenti
617 1583 760 1613 autem
794 1570 979 1627 secundo,
1012 1570 1240 1628 quomodo
1276 1585 1340 1613 res
1364 1571 1450 1613 iarn
1473 1569 1523 1613 ab
1556 1584 1648 1612 uno

224 1654 444 1699 occupata,
478 1642 693 1684 transierit
726 1642 768 1684 in
820 1641 1066 1684 dominium
1114 1640 1303 1698 alterius,
1335 1640 1650 1699 respondemus

224 1712 345 1771 plura
378 1713 634 1770 assignando
668 1712 791 1768 facta,
827 1713 1052 1770 praecipue
1093 1727 1196 1756 vero
1245 1724 1504 1767 contractus,
1538 1729 1573 1758 e.
1608 1729 1650 1770 g.

225 1784 474 1828 donationis
511 1785 599 1827 sive
630 1785 734 1827 inter
765 1786 886 1827 viv05
918 1785 1008 1827 sive
1039 1792 1111 1842 per
1148 1793 1453 1837 testamentum,
1488 1785 1648 1830 vendi—

224 1856 356 1898 tionis
390 1867 468 1899 etc.

319 2094 372 2141 (1)
398 2096 438 2130 In
467 2095 724 2142 Aristophanis
750 2095 957 2138 comoedia,
985 2096 1030 2130 de
1056 2107 1125 2142 qua
1151 2095 1259 2141 paulo
1284 2095 1380 2141 prius
1417 2095 1649 2130 mentionem

224 2153 386 2198 fecimus,
413 2157 465 2189 sic
491 2155 545 2189 vir
583 2155 722 2202 aliquis,
758 2155 904 2190 decreto
942 2156 1170 2202 Praxagorae
1208 2154 1345 2195 audito,
1372 2154 1551 2189 inducitur
1589 2153 1651 2189 lo-

225 2225 352 2260 quens:
381 2216 526 2250 «Putas
553 2216 670 2249 civem
696 2215 854 2262 aliquem
881 2226 944 2249 sua
971 2215 1189 2256 delaturum,
1219 2215 1278 2261 qui
1303 2214 1433 2249 saltem
1472 2213 1530 2248 vel
1566 2225 1654 2260 pau-

224 2272 351 2306 xillum
379 2274 513 2308 mentis
538 2273 695 2308 habeat?
723 2274 851 2320 Neque
891 2274 988 2308 euim
1015 2286 1033 2308 e
1061 2285 1163 2308 more
1200 2283 1326 2308 nostro
1367 2274 1456 2308 istuc
1483 2281 1548 2308 est:
1585 2272 1647 2307 sed

224 2343 293 2366 nos
320 2344 447 2378 capere
473 2342 615 2368 tantum
643 2343 798 2380 oportet,
825 2335 872 2369 ita
901 2345 958 2368 me
981 2333 1117 2380 Iupiter
1143 2343 1251 2369 amet.
1281 2333 1430 2379 Quippe
1457 2341 1492 2367 et
1527 2332 1577 2367 ita
1603 2330 1653 2364 dii

225 2390 355 2427 solent:
382 2392 417 2426 id
443 2402 565 2427 autem
593 2404 636 2427 ex
662 2393 811 2428 illorum
832 2393 999 2428 manibus
1024 2404 1166 2428 nosces:
1183 2392 1377 2428 simulacra
1404 2392 1516 2434 enim,
1537 2400 1649 2437 quum

223 2450 409 2486 fundimus
436 2463 572 2497 prece5‚
598 2462 635 2487 ut
663 2454 758 2487 bona
785 2453 889 2487 nobis
916 2452 1126 2499 largiantur,
1151 2461 1248 2488 stant
1275 2463 1386 2487 manu
1416 2451 1542 2496 supina
1571 2460 1649 2494 por-

225 2519 333 2554 recta,
360 2522 434 2545 non
462 2512 561 2557 quasi
589 2513 780 2558 quicquam
808 2512 947 2556 datura,
976 2512 1038 2547 sed
1064 2521 1102 2547 ut
1127 2511 1265 2559 aliquid
1293 2511 1486 2557 accipiant.
1506 2521 1528 2542 ›>

324 2571 381 2615 (2)
410 2571 498 2605 Loc.
529 2571 599 2604 iarn
628 2571 771 2616 saepius
800 2572 858 2606 cit.
