1737 2802
782 109 1049 150 —262—

198 201 322 242 unice
356 199 420 242 vel
456 212 565 242 certe
589 200 816 257 praecipue
839 198 884 242 fit
909 201 1069 244 honoris
1091 215 1227 245 causa:
1251 217 1381 259 quare
1405 201 1456 245 de
1480 201 1628 247 duello

198 271 273 313 hac
309 270 360 313 de
395 286 518 314 causa
552 284 754 328 suscepto
789 271 1068 328 potissimum
1105 288 1283 329 agemus
1316 273 1400 331 (Ι).

318 355 386 397 75.
421 342 810 385 DEMONSTRATIO.
834 343 864 386 Ι.
889 344 1211 399 Argumentum
1236 345 1516 402 praecipuum
1540 344 1626 388 huc

196 413 316 457 redit.
354 413 560 457 Duellum
596 426 660 456 est
693 427 810 456 actus
847 415 886 456 in
922 430 965 457 se
1001 414 1136 457 malus
1170 414 1329 458 malitia
1360 415 1532 459 suicidii
1569 416 1625 459 si-

196 483 286 526 mul
321 496 361 527 et
405 483 645 541 homicidii,
679 498 807 541 prout
856 484 1143 528 homicidium
1178 501 1200 528 a
1231 485 1415 530 suicidio
1464 486 1621 530 distin-

193 557 353 613 guitur.
390 556 504 612 Ergo
537 568 600 598 est
634 556 728 613 ipso
762 557 851 599 iure
887 569 1061 599 naturae
1094 558 1292 601 vetitum.
1318 557 1528 602 Probatur
1548 574 1625 603 an—

196 629 386 672 tecedens.

313 702 358 757 α)
394 699 599 743 Duellum
634 711 695 742 est
729 712 845 742 actus
880 715 967 756 quo
1013 701 1108 757 quis
1143 715 1187 743 se
1221 702 1398 758 exponit
1431 701 1623 759 periculo

194 772 364 827 mortis,
383 771 511 829 idque
532 797 582 802 —-
610 773 683 825 1⁰.)
705 770 852 829 absque
871 772 1162 814 rationabilia
1186 774 1295 816 iusta
1318 788 1455 818 causa:
1478 789 1619 832 neque

196 843 308 885 enim
346 842 537 900 profecto
573 842 664 885 talis
699 858 822 885 causa
856 855 918 885 est
953 859 1076 886 causa
1120 845 1420 888 ostentationis
1459 846 1620 889 virium

193 915 385 971 corporis
420 913 484 956 vel
519 915 716 971 propriae
750 914 926 970 peritiae
961 915 1002 956 in
1038 916 1167 957 armis
1203 915 1450 969 tractandis,
1480 932 1622 975 neque

195 985 321 1028 etiam
359 1001 479 1027 causa
514 985 692 1027 honoris
717 1009 772 1017 —
798 985 873 1040 2⁰.)
907 1000 955 1028 ex
987 985 1175 1030 condicto:
1212 988 1238 1029 i.
1273 1003 1310 1030 e.
1344 987 1548 1031 omnibus
1575 1003 1623 1031 se

194 1055 476 1112 exspoliando
502 1071 589 1098 non
614 1055 921 1098 communibus
946 1071 1044 1098 cum
1079 1056 1322 1101 adversario
1356 1057 1621 1102 defensionis

191 1126 533 1184 offensionisque
567 1126 852 1184 adminiculis,
887 1143 960 1170 seu
1001 1144 1154 1172 omnes
1190 1128 1302 1173 ultro
1352 1130 1621 1174 excludendo

188 1197 331 1255 quoad
356 1198 501 1241 locum
525 1212 697 1256 tempus
721 1214 836 1242 arma
861 1199 1131 1257 modumque
1156 1202 1377 1259 pugnandi
1396 1202 1619 1246 diversita-

187 1282 264 1323 tes,
299 1285 405 1327 quae
439 1269 674 1312 faciliorem
709 1269 886 1313 reddant
937 1271 1105 1314 felicem
1156 1272 1384 1316 conflictus
1433 1275 1622 1332 exitum,

188 1342 421 1399 minusque
456 1340 629 1384 dubiam
665 1340 714 1384 de
737 1341 981 1385 adversario
1016 1343 1256 1388 victoriam.
1284 1346 1417 1403 Atqui
1451 1347 1618 1389 etiamsi

185 1412 321 1455 homo
355 1425 466 1455 esset
500 1413 697 1470 propriae
720 1413 829 1456 vitae
864 1412 1085 1467 dominus,
1112 1428 1255 1459 tamen
1279 1416 1320 1459 id
1344 1415 1480 1461 facere
1505 1416 1620 1461 foret

186 1484 347 1542 aliquid
381 1483 667 1527 irrationabile
701 1500 878 1541 prorsus
912 1501 959 1528 ac
991 1485 1170 1529 naturali
1205 1487 1456 1545 prudentiae
1480 1504 1619 1547 oppo-

188 1558 321 1600 situm
354 1555 433 1615 (2),
467 1571 597 1599 omne
630 1571 734 1599 vero
769 1555 1015 1600 dominium
1049 1573 1123 1601 seu
1159 1559 1224 1600 ius
1259 1557 1383 1602 debet
1423 1560 1617 1603 rationa-

280 1794 332 1839 (1)
357 1793 429 1828 Vix
455 1805 546 1841 opus
574 1804 637 1837 est,
672 1804 710 1830 ut
750 1796 986 1830 ostendamus
1025 1795 1215 1843 multiplex
1255 1797 1349 1833 inter
1388 1797 1537 1832 duellum
1575 1809 1619 1833 ac

183 1852 306 1887 bellum
335 1853 541 1889 discrimen.
568 1874 612 1880 —
640 1855 811 1890 Duellum
838 1855 877 1890 fit
905 1855 996 1890 duos
1022 1855 1116 1891 inter
1148 1856 1324 1903 privatos,
1354 1857 1491 1892 bellum
1529 1858 1617 1892 duas

184 1911 277 1946 inter
303 1913 468 1947 civitates
494 1924 557 1947 seu
587 1913 753 1960 populos.
781 1933 825 1940 -
851 1913 1025 1949 Duellum
1064 1915 1102 1949 fit
1141 1926 1185 1950 ex
1211 1915 1363 1961 privata,
1394 1916 1532 1951 bellum
1570 1928 1614 1951 ex

183 1972 327 2018 publica
353 1972 578 2008 auctoritate.
605 1993 652 1999 —
677 1972 851 2009 Duellum
879 1973 918 2009 fit
945 1975 991 2009 ob
1019 1975 1212 2021 privatam,
1242 1975 1378 2010 bellurn
1407 1975 1454 2011 ob
1493 1975 1615 2022 publi-

184 2042 264 2066 cam
291 2043 452 2068 causam.
479 2052 523 2057 —
550 2032 723 2068 Duellum
751 2033 790 2069 fit
817 2046 860 2067 ex
888 2034 1074 2076 condicto,
1103 2034 1239 2070 bellum
1267 2036 1402 2082 absque
1427 2034 1612 2072 condicto:

184 2101 301 2137 neque
327 2091 425 2125 enim
456 2099 580 2126 mutuo
609 2103 788 2127 consensu
815 2092 1191 2138 praedeterminantur
1216 2103 1360 2141 tempus
1387 2093 1490 2129 locus
1515 2105 1615 2131 arma

181 2148 384 2196 modusque
411 2150 610 2197 pugnandi,
639 2152 700 2186 sed
726 2151 986 2187 tantummodo
1014 2152 1154 2188 initium
1172 2152 1316 2189 hostilis
1342 2153 1431 2188 duas
1457 2154 1549 2189 inter
1567 2153 1614 2189 ci-

182 2209 311 2243 vitates
338 2209 559 2244 conditionis
585 2210 852 2256 praedefinitur.
872 2211 994 2255 Quare
1022 2211 1258 2248 vehementer
1276 2221 1408 2256 errant,
1434 2213 1495 2262 qui
1521 2213 1615 2248 affir-

179 2276 278 2302 mant
306 2268 441 2303 bellurn
469 2281 544 2304 non
573 2269 716 2305 differre
742 2281 761 2304 a
788 2269 925 2313 duello,
950 2271 1018 2305 nisi
1043 2270 1125 2306 solo
1152 2283 1306 2308 nurnero
1335 2273 1591 2319 pugnantium.

277 2327 330 2373 (2)
358 2329 484 2373 Agens
522 2329 564 2363 de
604 2328 725 2364 duello
765 2340 808 2363 ex
847 2328 992 2375 publica
1033 2329 1249 2366 auctoritate
1289 2339 1324 2366 et
1355 2331 1402 2366 ob
1429 2331 1614 2377 publicam

183 2398 330 2421 causam
360 2396 541 2432 suscepto,
569 2388 663 2434 quod
692 2387 888 2434 aliquando
916 2388 1056 2423 licitum
1094 2399 1174 2423 esse
1213 2389 1380 2432 diximus,
1405 2388 1497 2425 haec
1534 2389 1610 2424 ani-

183 2446 374 2481 madvertit
403 2446 538 2490 Gerdil,
565 2459 625 2493 op.
652 2447 710 2482 cit.
738 2447 842 2494 chap.
871 2446 915 2483 6.:
959 2459 980 2480 «
998 2448 1047 2482 La
1074 2449 1235 2483 maniere
1262 2448 1353 2484 dont
1380 2448 1433 2484 les
1465 2449 1614 2484 anciens

188 2505 462 2552 s'engageaient
489 2509 508 2541 a
536 2518 594 2541 ces
621 2507 785 2542 combats
811 2509 944 2542 artetes
963 2506 1051 2541 dans
1071 2507 1103 2542 la
1122 2518 1190 2542 vue
1216 2506 1367 2543 d’eviter
1385 2519 1455 2543 une
1473 2518 1615 2554 guerre,

180 2563 309 2598 merite
335 2563 490 2611 quelque
516 2565 707 2600 attention.
734 2564 780 2599 lls
806 2564 939 2599 etaient
967 2565 1051 2599 bien
1079 2565 1244 2613 moignes
1262 2564 1305 2602 de
1332 2577 1461 2612 penset
1486 2577 1556 2614 que
1575 2565 1611 2601 la
