1737 2802
755 154 1022 198 ..231-

175 227 219 281 in
251 237 424 281 feminis
458 239 515 295 (1)
551 239 727 295 reperiri
762 239 918 296 potuit.
950 237 1125 283 Raziam
1151 236 1221 296 (2)
1255 236 1378 280 multi
1413 253 1501 281 non
1529 253 1603 281 ex-

174 321 335 353 cusant.
367 309 452 353 Alii
485 322 630 353 tamen
673 310 800 353 etiam
845 326 920 368 per
967 310 1255 367 ignorantiam
1309 309 1601 353 invincibilem

173 393 214 425 et
247 380 410 424 bonum
444 381 584 424 zelum
618 394 865 425 excusatum
902 380 1033 424 fuisse
1066 380 1257 425 credunt.
1277 399 1298 421 »

291 450 329 506 δ)
363 454 529 510 Homo,
563 466 607 496 ut
640 469 728 497 non
762 466 825 497 est
859 452 1063 497 dominus
1108 453 1233 510 vitae,
1267 454 1324 496 ita
1356 469 1409 496 ne
1456 468 1600 496 mem-

172 524 347 569 brorum
383 524 559 583 quidem
594 538 656 569 est
690 524 909 569 dominus.
943 525 1074 583 Atqui
1118 536 1259 582 potest
1307 536 1451 568 tamen
1499 524 1598 568 bra-

172 596 318 640 chium
352 614 390 640 v.
425 612 488 655 gr.
512 596 576 640 vel
614 596 767 655 pedem
792 596 870 640 sibi
905 609 1136 654 amputare.
1163 597 1277 652 Ergo
1304 608 1445 654 potest
1469 597 1598 639 etiam

171 670 301 713 vitam
337 669 413 712 sibi
449 669 650 714 adimere.
680 695 730 702 —
772 671 878 713 Dist.
916 671 1024 712 min?
1049 669 1213 724 Potest,
1236 669 1270 710 si
1306 667 1519 711 mutilatio
1543 669 1598 711 sit

170 742 407 785 necessaria
440 741 489 784 ad
525 743 896 784 conservationem
931 742 1041 784 vitae
1075 756 1193 796 conc„
1226 756 1347 783 secus
1370 755 1475 797 nega

291 814 470 871 «Sicut,
503 815 558 856 ait
591 813 642 857 de
676 815 802 871 Lugo
838 813 924 872 (3),
958 812 1092 856 homo
1145 828 1233 856 non
1282 824 1345 855 est
1394 811 1598 854 dominus

169 884 253 938 sui,
288 885 349 927 sic
392 900 479 928 non
525 897 587 928 est
636 884 840 928 dominus
893 898 1073 927 suorum
1123 882 1434 927 membrorum.
1484 883 1597 927 Nam

169 956 305 1000 homo
339 968 402 1000 est
436 972 590 1000 omnes
625 972 724 1000 suae
761 969 897 1014 partes
933 955 1078 1013 simu13
1102 956 1135 998 si
1171 971 1274 1013 ergo
1309 954 1481 998 haberet
1515 953 1598 998 do-

169 1029 352 1072 minium
388 1044 563 1072 suarum
599 1030 808 1086 partium,
843 1041 954 1072 esset
987 1027 1190 1071 dominus
1234 1028 1451 1085 suiipsius:
1488 1028 1598 1070 sicut

167 1117 273 1159 ergo
306 1116 394 1144 non
418 1112 562 1159 potest
586 1100 636 1144 de
660 1116 704 1144 se
728 1100 974 1158 disponere,
997 1101 1057 1143 sic
1080 1115 1156 1143 nec
1180 1099 1230 1143 de
1254 1100 1342 1142 suis
1376 1097 1596 1152 membris,

168 1189 275 1232 quae
308 1189 436 1215 suum
470 1189 562 1216 esse
597 1185 871 1231 componunt
906 1185 945 1215 et
978 1173 1204 1229 integrant.
1249 1171 1455 1215 Ceterum
1498 1171 1597 1228 quia

165 1245 263 1288 licet
296 1259 383 1288 non
417 1245 470 1287 sit
504 1243 724 1297 dominus,
760 1256 824 1287 est
857 1256 1000 1286 tamen
1024 1242 1339 1286 administrator
1373 1254 1414 1284 et
1442 1241 1597 1299 guber-

166 1324 287 1359 nator
319 1316 539 1374 suiipsiuS‚
572 1315 668 1358 ideo
707 1315 880 1374 quando
930 1314 1132 1358 abscissio
1181 1314 1358 1357 alicuius
1411 1312 1595 1356 membri

166 1388 403 1431 necessaria
435 1399 546 1430 esset
581 1386 631 1430 ad
666 1388 1037 1430 conservationem
1073 1387 1199 1443 vitae,
1224 1397 1365 1444 potest
1398 1384 1503 1428 illud
1526 1384 1595 1427 ab-

166 1457 375 1516 scindere,
408 1473 505 1501 cum
540 1471 680 1516 partes
716 1458 903 1502 ordinari
928 1458 1105 1502 debeant
1139 1456 1189 1503 ad
1223 1468 1383 1509 totum,
1419 1468 1460 1499 et
1488 1469 1595 1498 con-

162 1664 235 1699 tiae
263 1663 476 1710 perimunt),
504 1663 598 1698 actio
627 1674 664 1698 se
695 1663 935 1698 interficiendi
975 1663 1093 1709 (haud
1133 1674 1235 1697 secus
1272 1675 1312 1698 ac
1349 1663 1444 1698 actio
1484 1675 1593 1697 men-

163 1723 276 1758 tiendi
303 1724 389 1769 ete.)
417 1733 471 1759 est
499 1724 593 1758 maia
620 1723 852 1758 materialiter
879 1734 912 1758 et
940 1724 1112 1767 obiective,
1139 1735 1214 1758 non
1238 1724 1436 1769 formaliter
1462 1733 1495 1759 et
1533 1735 1593 1758 su-

164 1784 317 1819 biective.
342 1783 435 1818 Vide
463 1794 580 1829 super.
607 1784 681 1819 vol.
714 1795 740 1818 1.
767 1783 856 1818 thes.
884 1784 977 1819 LIII.
998 1796 1077 1830 pag.
1102 1794 1180 1827 412.
1201 1804 1244 1811 —-
1264 1785 1362 1820 Haec
1389 1793 1510 1818 autem
1536 1784 1593 1818 in-

163 1843 344 1878 vincibilis
370 1843 573 1890 ignorantia
601 1852 723 1889 potest
751 1842 932 1889 aliquando
959 1843 1093 1879 habere
1123 1843 1260 1879 iocum.
1299 1856 1320 1877 «
1338 1845 1384 1879 Se
1409 1843 1589 1886 occidere,

162 1903 210 1937 ita
237 1903 393 1947 Lessius‚
421 1902 463 1937 de
493 1904 576 1938 iust.
604 1912 637 1937 et
665 1903 739 1937 iure
766 1902 788 1938 l.
810 1913 841 1937 2.
861 1914 890 1938 c.
910 1914 943 1950 9.
960 1902 1042 1937 dub.
1070 1902 1114 1946 6.,
1134 1904 1171 1938 οῖ]
1195 1906 1334 1951 patriae
1361 1905 1504 1938 salutem
1531 1913 1592 1939 aut

156 1962 345 2009 pudicitiae
372 1963 560 1997 custodiam
586 1975 660 1998 non
689 1973 742 1998 est
769 1963 817 1998 ita
844 1962 990 1997 evidens
1016 1974 1094 1997 esse
1122 1964 1271 2008 malurn,
1300 1964 1384 2011 quin
1412 1964 1593 2010 inculpate

160 2023 276 2068 possit
302 2023 472 2069 ignorari,
501 2032 534 2058 et
564 2025 679 2069 putari
708 2024 861 2059 licitum:
889 2034 971 2058 cum
997 2035 1071 2058 non
1102 2025 1222 2059 solum
1250 2024 1385 2059 ethnici
1413 2025 1593 2070 (praeser-

161 2081 226 2116 tim
265 2081 389 2124 Stoici,
417 2094 570 2129 quorum
611 2083 829 2118 sententiam
871 2083 1057 2129 eleganter
1098 2084 1251 2129 explicat
1291 2084 1407 2118 Iustus
1449 2084 1592 2130 Lipsius

162 2149 256 2176 cent.
283 2151 311 2175 2.
341 2143 442 2188 epist.
471 2141 553 2187 26.)‚
580 2144 642 2178 sed
670 2144 778 2178 etiam
818 2144 920 2178 multi
962 2144 1176 2187 Christiani,
1204 2144 1268 2178 etsi
1305 2144 1515 2186 doctissimi,
1542 2144 1591 2179 ita

161 2200 351 2235 videantur
376 2203 541 2238 sensisse.
558 2218 575 2234 »

256 2259 310 2305 (1)
337 2260 477 2296 Alludit
503 2261 547 2295 ad
575 2261 741 2306 feminas,
768 2274 858 2308 quae
885 2275 903 2297 a
931 2275 958 2299 s,
984 2263 1194 2305 Ambrosio,
1219 2263 1241 2298 l.
1280 2273 1308 2310 3.
1336 2263 1379 2298 de
1417 2263 1590 2309 virginit„

162 2326 195 2352 et
221 2319 264 2353 ab
293 2319 448 2354 Eusebio
477 2320 633 2364 Caesar„
662 2321 684 2356 l.
711 2323 810 2358 V111.
835 2322 919 2358 hist.
948 2323 1035 2358 eccl.
1063 2335 1140 2370 cap.
1172 2333 1234 2368 12„
1261 2323 1462 2359 referuntur
1491 2322 1587 2369 quod

161 2379 207 2413 ob
234 2380 430 2425 pudicitiae
459 2382 776 2417 conservationem
804 2395 841 2417 se
871 2394 907 2417 se
934 2383 971 2417 in
997 2383 1238 2429 profluentem
1267 2383 1511 2430 proiecerunt.

256 2441 312 2485 (2)
341 2440 383 2474 11.
412 2441 576 2476 Machab.
603 2441 700 2476 XIV.
727 2462 770 2468 —
798 2442 935 2485 Razias,
962 2454 1006 2477 ne
1033 2443 1068 2476 in
1096 2454 1226 2477 manus
1251 2443 1410 2477 hostium
1438 2442 1589 2486 veniret,

161 2511 199 2534 se
225 2500 476 2547 praecipitavit
504 2510 538 2535 et
566 2503 663 2547 prius
689 2502 759 2537 ictu
787 2502 899 2549 gladii
927 2502 1042 2549 periit.

257 2559 312 2604 (3)
338 2559 411 2606 Op.
439 2569 471 2595 et
500 2561 521 2595 1.
550 2562 609 2596 cit.
640 2573 740 2597 num.
768 2571 823 2597 21.
848 2582 892 2588 —
920 2562 995 2597 Hac
1029 2561 1073 2596 de
1108 2563 1317 2608 quaestione
1356 2561 1399 2597 cf.
1427 2574 1454 2598 s.
1480 2561 1587 2597 Tho-

161 2629 272 2662 mam,
298 2630 330 2666 q.
358 2619 413 2662 65.
441 2632 471 2655 a.
504 2631 530 2655 1.
