1737 2802
0 0 126 42 &apg-7
139 12 142 15 ·
154 0 172 26 ,;
216 10 224 13 ⁷·

703 143 997 187 *203²*

123 225 258 270 mino:
281 241 354 284 per
377 224 507 269 fidem
532 226 648 269 enim
671 224 940 269 ambulamus
965 238 1005 270 et
1022 241 1112 269 non
1137 241 1212 284 per
1234 227 1420 284 speciem
1444 227 1550 285 (1).»

243 299 374 341 Hisce
421 310 563 341 autem
614 298 833 355 proposita
867 296 1089 341 difficultas
1134 309 1228 356 apte
1278 297 1459 341 solvitur
1509 311 1556 342 eti

122 381 213 412 tota
244 368 346 413 haec
381 369 514 412 thesis
549 368 658 412 clare
692 369 928 412 illustratur
957 368 1044 428 (2).

221 561 277 606 (1)
308 561 339 594 II
378 561 467 596 Cor.
501 561 538 594 V.
561 559 590 595 6.
612 579 655 586 —
679 560 836 602 Scilicet,
858 560 1088 605 procedimus
1108 560 1143 594 in
1162 561 1234 595 vita
1261 560 1325 594 ista
1345 571 1408 606 per
1426 559 1553 603 fidem,.

121 624 155 655 ct
179 631 245 654 non
267 626 330 667 per
356 621 508 667 speciem,
538 621 560 655 i.
591 632 623 655 e.
651 631 724 655 non
753 631 815 665 per
841 618 1037 665 perfectam
1063 620 1253 655 visionem.

217 679 273 725 (2)
297 680 443 715 Pienius
471 680 586 714 adhuc
607 679 803 714 illustratur
821 679 1028 725 praeclari3‚
1050 690 1140 725 quae
1161 679 1383 722 subiicimus‚
1402 691 1428 714 s.
1446 678 1552 714 Tho«

121 751 201 774 mae
228 741 357 782 verbis,
385 748 518 786 quaest.
547 739 635 786 disp.
655 739 698 773 de
717 740 819 774 verit.
848 751 880 785 q.
905 749 955 781 14.
983 750 1015 773 a.
1044 749 1113 773 10.:
1138 754 1154 769 «
1173 739 1252 774 Non
1281 739 1459 783 contingit
1478 739 1550 773 alia

121 799 203 846 quid
232 800 275 834 de
301 798 513 845 imperfecto
541 799 583 833 ad
612 799 812 845 perfectum
842 798 985 840 adduci,
1010 799 1079 832 nisi
1107 810 1170 843 per
1195 799 1376 833 actionem
1397 798 1553 832 alicuius

120 858 278 905 perfecti;
306 871 372 894 nec
402 859 551 905 perfecti
579 860 672 894 actio
699 861 742 893 ab
769 858 984 904 imperfecto
1012 858 1133 893 statim
1161 858 1329 903 recipitur
1368 859 1403 891 in
1443 859 1547 903 prin-

95 918 218 964 cipio
246 918 414 964 perfecte3
444 918 505 953 sed
533 921 650 965 primo
679 919 824 966 quidem
862 918 1082 964 imperfecte,
1120 928 1244 964 postea
1283 918 1485 964 perfectius,
1513 927 1551 953 et

126 978 174 1012 sic
203 977 333 1012 deinde
360 989 546 1025 quousque
573 979 615 1013 ad
637 978 899 1025 perfectionem
928 979 1122 1025 perveniat.
1142 979 1185 1012 Et
1211 978 1280 1013 hoc
1308 978 1452 1024 quidem
1472 989 1546 1012 ma·

122 1036 294 1071 nifestum
323 1047 376 1071 est
403 1038 437 1071 in
464 1038 634 1072 omnibus
662 1038 765 1072 rebus
791 1037 1022 1078 naturalibus,
1050 1049 1138 1084 quae
1175 1050 1237 1083 per
1277 1038 1547 1072 successionem·

120 1096 298 1139 temporis
324 1098 482 1144 aliquam
511 1097 772 1143 perfectionem
799 1105 1047 1143 assequuntur.
1067 1097 1110 1131 Et
1130 1097 1299 1131 similiter
1325 1096 1490 1131 videmus
1511 1097 1550 1130 irr-

117 1157 214 1204 operi
236 1169 285 1192 ius
305 1157 488 1199 humanis,
510 1167 542 1192 et
563 1157 752 1203 praecipue
772 1157 806 1191 ’n
827 1156 1034 1202 disciplinis.
1053 1157 1092 1191 In
1113 1157 1291 1203 principio
1311 1157 1408 1191 enim
1428 1157 1545 1191 homo

117 1216 350 1264 imperfectus
379 1227 431 1252 est
460 1219 494 1251 in
529 1218 751 1264 cognitione:
794 1217 837 1251 ad
875 1217 945 1251 hoc
987 1227 1106 1252 autem
1148 1217 1244 1263 quod
1280 1216 1547 1262 perfectionem

117 1275 289 1310 scientiae
316 1285 566 1322 consequatur,
593 1276 730 1321 indiget
755 1276 876 1323 aliquo
904 1277 1113 1318 instruente,
1141 1276 1199 1322 qui
1227 1287 1309 1310 eum
1346 1276 1388 1309 ad
1425 1275 1544 1322 perfe-

116 1334 277 1369 ctionem
303 1335 473 1370 scientiae
500 1336 622 1376 ducat3
658 1336 753 1382 quod
784 1335 901 1370 facere
927 1348 1001 1370 non
1031 1345 1162 1381 posset,
1189 1337 1257 1370 nisi
1283 1337 1359 1381 ipse
1387 1335 1552 1382 perfecte

115 1395 306 1430 scientiam
334 1395 493 1437 haberet,
523 1405 648 1441 utpote
675 1396 990 1442 comprehendens
1010 1396 1171 1431 rationes
1200 1407 1342 1437 eorum,
1370 1407 1460 1442 quae
1480 1397 1548 1430 sub

117 1454 304 1490 scientiam
333 1456 478 1490 cadunt.
506 1456 587 1490 Non
617 1466 737 1491 autem
767 1456 801 1490 in
829 1456 1007 1501 principio
1034 1467 1118 1490 suae
1145 1456 1332 1490 doctrinae
1351 1457 1472 1490 statim
1501 1457 1550 1498 ei7

116 1516 174 1561 qui
201 1515 400 1557 instruitur,
426 1516 532 1551 tradit
561 1517 721 1551 rationes
750 1516 949 1554 subtilium,
970 1515 1012 1549 de
1041 1515 1169 1561 quibus
1190 1516 1362 1550 instrucre
1380 1515 1544 1557 intendit,

117 1576 198 1623 quia
225 1585 308 1610 tunc
336 1577 456 1611 statim
488 1578 521 1611 in
562 1577 738 1623 principio
779 1576 967 1610 scientiam
1006 1576 1153 1610 haberet
1192 1575 1345 1621 perfecte
1388 1577 1446 1622 qui
1484 1576 1543 1609 in-

115 1634 274 1676 struitur;
304 1635 365 1670 sed
391 1636 499 1670 tradit
527 1635 557 1670 ei
586 1635 773 1682 quaedam,
803 1646 955 1682 quorum
986 1635 1147 1669 rationes
1175 1643 1271 1677 tunc,
1299 1645 1381 1668 cum
1421 1634 1544 1680 p‘rimo·

115 1694 301 1728 instruitur
328 1694 535 1740 discipulus,
556 1696 681 1736 nescit;
703 1695 790 1729 sciet
817 1704 938 1729 autem
959 1704 1083 1740 postea
1112 1693 1291 1739 perfectus
1318 1695 1353 1727 in
1376 1693 1546 1728 scientia«

115 1753 159 1788 Et
185 1752 266 1788 ideo
295 1753 434 1794 dicitur,
462 1754 556 1800 quod
584 1759 715 1800 oportet
743 1753 965 1788 addiscentem
993 1752 1138 1788 credere:
1165 1763 1197 1788 et
1234 1753 1339 1787 aliter
1376 1753 1418 1787 ad
1458 1764 1542 1799 per—

115 1813 247 1848 fectam
273 1805 462 1849 scientiam
490 1816 677 1860 pervenire
705 1826 778 1849 non
807 1825 939 1860 posset,
967 1814 1035 1848 nisi
1064 1814 1199 1849 scilicet
1227 1822 1447 1860 supponeret
1487 1825 1547 1853 eaY

115 1885 204 1922 quae
230 1875 297 1909 sibi
325 1875 359 1909 in
386 1875 562 1920 principio
590 1875 789 1911 traduntur.
817 1886 968 1921 quorum
996 1875 1154 1909 rationes
1181 1883 1265 1908 tunc
1307 1885 1432 1919 capere
1466 1884 1541 1908 non

115 1943 244 1980 potest.
272 1933 408 1969 Ultima
437 1944 556 1969 autem
586 1934 772 1980 perfectio,
799 1934 843 1968 ad
871 1946 975 1981 quam
1002 1934 1117 1968 homo
1151 1934 1349 1975 ordinatur,
1378 1933 1546 1968 consistit

102 1994 149 2027 in
178 1994 331 2040 perfecta
358 1995 425 2029 Dei
454 1995 677 2041 cognitione:
700 1994 743 2028 ad
771 2006 878 2041 quam
907 1994 1051 2041 quidem
1079 1995 1263 2040 pervenire
1299 2004 1372 2028 non
1402 2001 1542 2039 potest,

113 2054 180 2089 nisi
208 2055 420 2099 operatione
447 2065 481 2090 et
509 2055 744 2090 instructione
772 2054 852 2096 Dei,
881 2054 938 2101 qui
966 2062 1018 2088 est
1046 2055 1099 2088 sui
1139 2052 1320 2099 perfectus
1358 2052 1540 2098 cognitor.

112 2111 293 2149 Perfectae
320 2123 441 2150 autem
469 2114 690 2160 cognitionis
716 2114 837 2150 statim
857 2114 970 2148 homo
990 2114 1024 2148 in
1052 2113 1103 2148 sui
1122 2113 1301 2159 principio
1330 2123 1442 2158 capax
1460 2123 1534 2146 non

113 2182 179 2208 est:
209 2173 302 2208 unde
329 2183 475 2220 oportet
503 2174 598 2221 quod
627 2174 779 2220 accipiat
800 2185 863 2220 per
892 2174 986 2207 viam
1015 2173 1183 2208 credendi
1210 2173 1342 2218 aliqua,
1365 2183 1428 2218 per
1446 2183 1541 2218 quae¹

114 2233 377 2267 manu-incatur
403 2233 445 2268 ad
475 2234 759 2279 perveniendum
786 2234 820 2267 in
849 2232 1048 2279 perfectam
1075 2233 1338 2278 cognitionem.
1369 2232 1539 2274 Quorum

115 2291 292 2338 quaedam
319 2292 403 2326 talia
429 2302 523 2335 sunt,
550 2292 645 2339 quod
672 2293 708 2327 in
735 2292 800 2326 hac
819 2294 888 2327 vita
917 2292 959 2326 de
978 2293 1030 2327 eis
1057 2290 1213 2338 perfecta
1233 2291 1395 2336 cognitio
1415 2290 1540 2325 haberi

113 2361 187 2384 non
215 2360 345 2396 potest,
373 2363 463 2398 quae
490 2351 648 2387 totaliter
675 2353 748 2386 vim
776 2352 955 2386 humanae
995 2351 1142 2386 rationis
1177 2351 1365 2393 excedunt;
1400 2359 1433 2385 et
1472 2350 1542 2384 ista

114 2419 259 2455 oportet
287 2410 432 2445 credere
452 2411 624 2457 quamdiu
651 2411 686 2445 in
714 2420 807 2446 statu
827 2412 904 2446 viae
931 2423 1068 2447 sumus:
1090 2411 1293 2447 videbimus
1319 2420 1441 2447 autem
1461 2421 1541 2455 per-

116 2467 210 2505 fecte
236 2470 270 2504 in
298 2479 391 2505 statu
419 2470 569 2516 patriae.
599 2471 789 2513 Quaedam
825 2483 910 2506 vero
937 2481 1036 2514 sunt,
1064 2471 1108 2506 ad
1146 2483 1236 2518 quae
1263 2470 1370 2505 etiam
1398 2470 1432 2504 in
1471 2468 1544 2503 hac

112 2528 183 2563 vita
210 2527 364 2576 perfecte
391 2531 646 2576 cognoscenda
673 2541 867 2577 possumus
900 2531 1100 2577 pervenire,
1131 2531 1222 2565 sicut
1262 2530 1323 2565 illa
1362 2539 1454 2576 quae
1494 2527 1542 2562 de

113 2589 194 2624 Deo
222 2589 505 2625 demonstrative
532 2591 671 2636 probari
699 2600 865 2637 possunt:
887 2601 979 2638 quae
1003 2599 1127 2626 tamen
1153 2602 1171 2625 a
1191 2589 1370 2637 principio
1391 2598 1545 2623 necesse
