1737 2802
677 155 736 167 —
772 143 854 186 105
889 154 963 189 —.

77 225 220 270 ‘homo
253 224 419 270 desinat
451 241 544 269 esse
575 241 649 268 seu
684 225 962 282 annihiletur,
998 240 1085 268 non
1119 225 1352 282 requiritur
1410 225 1522 268 actio

83 299 166 343 Dei
188 298 385 356 positiva,
421 297 495 341 sed
527 296 683 341 sufficit
722 298 910 342 cessatio
959 309 1076 340 actus
1121 296 1426 340 conservantis,
1466 320 1524 330 —

85 368 262 423 Quibus
297 368 575 426 praestitutiS,
609 369 668 411 sic
700 369 799 412 licet
848 383 1042 425 arguere.
1093 367 1138 411 Si
1172 366 1258 422 isse,
1310 367 1382 424 qui
1425 379 1522 410 tan-

80 438 315 483 tummodo
348 437 557 482 indirecte
595 438 778 483 alterurn
813 451 1038 483 conservat
1072 438 1124 496 (e.
1156 453 1197 495 g.
1232 438 1305 496 qui
1340 454 1523 495 puerum

74 526 135 556 ‘ne
158 512 201 554 in
223 512 371 567 ignem
395 510 511 554 cadat
547 511 731 568 retinet),
755 512 819 554 ius
845 526 945 567 erga
967 509 1148 553 alterum
1168 509 1346 566 acquirit
1365 508 1415 552 ad
1433 508 1522 552 lau-

83 582 202 635 dem,
236 595 408 639 gratum
452 583 663 638 animum,
711 581 1000 640 obsequium3
1051 580 1174 639 quale
1224 593 1522 639 quantumque

84 653 149 696 ius
183 668 284 710 erga
315 667 394 694 nos
427 666 515 695 non
551 651 676 695 habet
724 653 862 705 Deus,
898 653 970 709 qui
1018 664 1137 695 tanto
1189 652 1273 694 iam
1323 663 1521 710 tempore

83 739 173 768 non
205 723 348 767 solum
383 723 588 767 indirecte
622 723 697 767 sed
731 724 860 767 etiam
893 723 1057 767 directe
1091 723 1261 766 assidua
1296 738 1374 766 nos
1410 739 1519 781 ope-

82 797 247 839 ratione
280 797 533 839 conservat?
566 821 625 828 -
660 796 796 849 Quod
842 808 887 839 ut
931 795 1101 853 plenius
1152 795 1375 851 intelligas,
1426 795 1521 838 ani-

84 867 302 911 madverte
337 868 709 911 conservationem
742 867 852 910 hanc
904 867 1124 924 directam,
1169 881 1290 908 secus
1325 881 1372 908 ac
1407 865 1521 908 indi-

82 951 259 995 rectam,
294 954 389 981 esse
425 937 659 996 quamdam
695 940 984 982 continuatam
1013 938 1276 980 creationem
1312 952 1386 979 seu
1423 951 1520 979 me·-

83 998 164 1053 lius
197 1012 542 1054 continuationem
576 1012 819 1054 creationis:
856 1023 919 1053 est
953 1026 1111 1068 nempe
1145 1010 1272 1066 actio,
1305 1025 1387 1067 qua
1432 1024 1521 1052 non

83 1081 258 1140 quidem
292 1084 482 1140 repetitis
532 1098 606 1125 seu
640 1083 798 1126 iteratis
848 1080 1152 1139 creationibus,
1202 1081 1278 1124 sed
1315 1081 1520 1124 continua

82 1154 332 1211 operatione
366 1169 458 1197 esse
491 1152 613 1209 illud,
648 1153 766 1211 quod
799 1155 941 1211 primo
978 1152 1127 1196 datum
1161 1166 1238 1207 est,
1265 1153 1519 1196 sustinetur.

83 1225 232 1278 Quare
267 1226 534 1268 conservatio
569 1224 707 1268 differt
740 1241 762 1268 a
795 1226 1028 1277 creatione,
1072 1238 1117 1267 ut
1151 1224 1263 1267 linea
1299 1240 1319 1266 a
1354 1236 1516 1282 puncto

83 1296 195 1340 unde
227 1297 390 1354 incipit,
421 1297 486 1340 vel
520 1309 567 1340 ut
601 1310 773 1354 tempus
813 1296 861 1338 ab
896 1297 989 1338 eius
1016 1297 1241 1354 principio.
1270 1296 1395 1348 Quae
1419 1310 1518 1338 cum

81 1368 138 1411 ita
171 1369 268 1426 sint,
301 1369 383 1412 dici
414 1368 610 1426 profecto
661 1361 818 1426 potest,
859 1369 924 1410 ius
974 1367 1093 1422 illud,
1146 1367 1265 1426 quod
1318 1368 1438 1410 Deus
1471 1367 1517 1410 in

81 1439 308 1484 hominem
342 1439 482 1497 habet,
515 1438 689 1498 quando
724 1455 822 1483 euni
860 1440 1004 1497 primo
1041 1452 1173 1491 creat,
1208 1439 1336 1482 toties
1381 1438 1516 1495 magis

82 1512 304 1570 magisque
353 1510 545 1555 roborari
589 1527 634 1554 ac
676 1510 807 1554 veluti
842 1511 885 1553 in
924 1512 1191 1554 immensum
1226 1509 1517 1567 multiplicari,

81 1596 187 1641 quot
230 1594 328 1626 sunt
371 1583 582 1641 temporis
616 1595 854 1639 momenta,
887 1582 1043 1641 quibus
1078 1582 1247 1625 homini
1281 1597 1302 1624 a
1335 1597 1381 1624 se
1412 1596 1517 1624 con-

83 1655 174 1699 dito
196 1655 464 1698 existentiam
500 1654 750 1712 protrahere
774 1671 849 1698 seu
885 1669 1122 1712 prorogare
1155 1669 1245 1697 non
1271 1666 1420 1698 cessat:
1446 1652 1515 1696 vel

82 1728 209 1771 etiam
244 1738 308 1769 tot
344 1742 437 1770 esse
485 1725 617 1770 divini
663 1727 704 1769 in
753 1742 833 1769 nos
882 1728 986 1770 iuris
1035 1725 1209 1779 titulos,
1260 1738 1367 1783 quot
1416 1737 1515 1768 sunt

82 1810 319 1855 momenta,
362 1797 518 1856 quibus
567 1813 646 1841 nos
695 1799 737 1840 in
769 1813 862 1841 esse
907 1798 1178 1841 conservavit
1227 1809 1354 1855 atque
1406 1795 1514 1840 adeo

82 1882 325 1913 conservat.

200 1941 274 1984 HI.
310 1941 535 1984 Praeterea
579 1941 697 1983 Deus
741 1954 804 1984 est
838 1956 925 1983 non
962 1939 1096 1983 modo
1133 1953 1299 1983 creator
1332 1952 1371 1983 et
1405 1955 1514 1982 con-

82 2025 289 2066 servator,
325 2012 399 2055 sed
433 2014 562 2055 etiam
589 2012 691 2071 finis
717 2012 883 2055 ultimus
906 2012 977 2070 (1)
1002 2011 1208 2055 hominis.
1252 2029 1272 2052 «
1295 2012 1367 2054 Ius
1390 2009 1512 2063 illud,

83 2084 304 2141 praeclaris
328 2097 420 2127 utar
443 2084 580 2126 vsrbis
605 2085 742 2127 Lessii
766 2084 851 2143 (2),
877 2083 991 2143 quod
1027 2100 1078 2127 ex
1111 2083 1194 2127 hoc
1229 2083 1364 2141 capite
1390 2098 1512 2126 com-

178 2302 228 2348 (1)
252 2303 352 2338 Hanc
379 2305 564 2338 veritatem
595 2305 629 2337 in
656 2304 768 2349 capite
797 2304 914 2350 primo
956 2305 1149 2349 superioris
1189 2303 1298 2348 partis
1337 2303 1413 2338 suse
1451 2301 1513 2336 de-

76 2363 380 2397 monstravimus.

177 2421 232 2465 (2)
258 2420 329 2466 Op.
357 2430 390 2456 et
417 2421 476 2455 lib.
503 2433 616 2467 nuper
641 2422 698 2456 cit.
725 2434 801 2468 cap.
833 2431 861 2464 ς.
889 2434 985 2456 num.
1020 2431 1070 2464 55.
1102 2422 1180 2456 Hoc
1209 2421 1243 2454 in
1272 2420 1364 2455 libro
1386 2420 1428 2454 de
1448 2419 1512 2453 do·

82 2480 198 2514 minio
225 2480 292 2514 Dei
320 2489 458 2522 tractat,
486 2490 519 2514 et
547 2490 700 2526 quatuor
729 2482 839 2515 divini
870 2482 1022 2516 dominii
1042 2481 1168 2516 tituios
1195 2479 1396 2526 perpendit,
1416 2490 1513 2513 crea-

81 2539 204 2581 tionis,
232 2540 530 2581 conservationis,
559 2540 833 2585 redemptionis,
860 2541 939 2575 finis
967 2541 1095 2575 ultimi.
1123 2541 1297 2586 Loquitur
1325 2540 1433 2574 etiam
1466 2538 1510 2571 de

82 2597 189 2632 titulo
217 2598 469 2646 7·edemplioni5‚
498 2601 578 2646 quia
605 2599 819 2646 theologum
849 2601 937 2646 agit.
965 2601 1217 2635 Validissimus
1246 2610 1329 2633 saue
1365 2607 1416 2632 est
1452 2596 1512 2631 hic
