1737 2802
838 142 1070 185 -52-

242 245 330 273 oms
379 237 412 270 et
445 228 564 271 hoves
599 229 825 283 nni-versas,
859 228 1019 284 insuper
1052 235 1088 269 et
1116 234 1259 283 pecora
1293 227 1437 283 campi.
1461 242 1483 267 υ
1517 226 1664 279 Quam

240 300 461 341 veritatem
496 298 536 339 in
571 299 705 354 capite
738 297 782 339 <lc
803 297 944 339 ultimo
965 297 1137 339 hominis
1158 295 1235 349 line
1256 295 1348 340 fuse
1373 296 1456 338 iam
1476 295 1664 339 demon-

239 370 480 412 stravimus.
517 395 568 400 —-
604 370 654 412 II.
688 368 808 411 Idem
843 380 1166 429 argumentum,
1200 366 1282 410 alio
1317 379 1460 410 tamen
1507 366 1662 420 modo,

240 443 299 484 sic
337 453 431 498 apte
466 441 667 497 proponit
703 439 917 496 Taparelli
943 438 1028 496 (1):
1056 457 1077 479 ‹<
1113 438 1235 495 Ogni
1259 437 1417 481 dovere
1441 453 1564 481 nasce
1597 437 1664 482 dal

1623 0 1737 36 ”nami

239 512 431 569 generale
466 512 691 568 principio,
715 511 768 568 fa
806 510 832 552 il
866 510 972 553 benc.
1007 511 1062 553 Se
1095 510 1310 552 avessimo
1357 508 1503 552 doveri
1537 523 1664 552 verso

239 582 277 626 le
311 595 499 625 creature
531 579 858 638 irrugiouevoli,
910 595 1127 623 satremmo
1177 578 1351 637 dunque
1405 579 1607 637 obbligati
1641 595 1664 623 a

240 654 356 697 farne
389 654 415 696 il
448 653 567 696 bene.
602 654 674 695 Ma
706 652 734 695 il
766 652 860 694 loro
894 651 999 694 bene
1031 653 1053 693 'e
1086 651 1114 693 il
1147 651 1240 694 loro
1288 649 1386 704 fine,
1444 652 1536 695 cioe
1585 666 1664 694 co-

241 741 416 784 operare
450 741 471 767 a
504 725 686 768 servizio
721 723 814 766 dell'
842 738 991 766 uomo.
1026 723 1216 780 Dunque
1240 721 1266 764 il
1290 707 1448 765 dox'sere
1474 737 1598 766 verso
1622 721 1664 766 di

239 812 332 840 esse
365 796 536 840 sarebbe
569 796 800 839 reaimente
834 811 891 837 un
926 794 1084 838 dovere
1116 809 1240 836 verso
1275 793 1456 836 l'uomo.
1487 794 1536 837 In
1568 793 1663 837 altri

239 869 425 922 termini,
457 867 485 910 il
520 867 708 925 padrone
741 883 828 910 non
863 867 914 909 ha
948 866 1095 909 doveri
1128 880 1253 909 verso
1287 865 1314 907 il
1349 880 1489 922 servo,
1523 866 1664 909 consi-

241 939 384 982 demto
407 939 471 982 sol
495 953 618 981 come
650 953 790 995 servo3
814 937 988 995 giacche
1010 937 1157 980 l’esser
1190 952 1316 980 servo
1351 938 1537 980 consiste
1568 937 1665 980 nei-

240 1012 410 1055 l’essere
433 1012 475 1053 in
494 1026 571 1068 pro
589 1009 728 1053 altrui.
747 1027 769 1049 »
791 1034 848 1042 —
873 1009 948 1053 ΙΙΙ.
974 1008 1082 1051 Aliis
1106 1008 1259 1062 verbis,
1284 1009 1409 1065 ratio,
1433 1024 1506 1052 cur
1527 1007 1665 1052 homo

242 1096 428 1142 nequeat
449 1083 569 1126 alteri
593 1082 760 1125 homini
784 1097 954 1135 nocere,
979 1081 1079 1124 haec
1102 1094 1180 1138 est,
1209 1081 1308 1138 quia
1328 1080 1514 1139 aequalis
1541 1082 1579 1124 ei
1602 1095 1666 1125 est

241 1171 288 1197 ac
308 1156 466 1197 socius.
486 1154 619 1211 Atqui
642 1153 763 1196 bruta
786 1152 914 1195 relate
938 1152 987 1194 ad
1011 1151 1233 1194 hominem
1258 1167 1397 1209 neque
1420 1151 1574 1195 habent
1595 1167 1666 1196 ra-

241 1227 403 1268 tionem
417 1226 604 1283 aequalis
623 1226 663 1267 in
683 1237 850 1277 natura,
871 1239 1012 1281 neque
1031 1225 1240 1266 rationem
1261 1224 1369 1267 socii.
1385 1223 1501 1280 Ergo
1521 1234 1664 1280 potest

241 1298 376 1341 homo
401 1297 535 1340 brutis
560 1312 734 1349 nocere,
771 1295 1012 1339 dummodo
1038 1309 1136 1338 sane
1161 1293 1322 1337 malum
1347 1294 1576 1352 physicum
1605 1295 1666 1338 eis

240 1369 403 1412 illatum
430 1370 473 1411 in
492 1368 683 1411 hominis
710 1366 937 1410 utilitatem
958 1379 1118 1423 vergat.
1138 1365 1349 1409 Probatur
1372 1367 1517 1410 minor.
1540 1366 1662 1409 Patet

239 1440 362 1483 bruta
378 1455 466 1482 non
485 1439 638 1482 habere
659 1438 785 1482 relate
805 1439 854 1481 ad
873 1438 1101 1481 hominem
1121 1437 1327 1480 rationem
1339 1438 1600 1496 aequalitatis
1618 1437 1663 1479 in

239 1525 418 1556 natura:
454 1511 527 1554 sed
561 1527 613 1554 ne
647 1512 741 1554 socii
774 1510 948 1568 quidem
984 1510 1196 1553 rationem
1229 1507 1398 1552 habent.
1422 1509 1594 1552 Etenim
1616 1519 1665 1551 ut

241 1584 327 1627 duo
360 1583 444 1625 sint
477 1583 595 1635 socii,
630 1581 713 1624 hoc
746 1582 993 1639 requiritur,
1030 1593 1075 1623 ut
1110 1594 1219 1622 unus
1253 1595 1342 1622 non
1390 1580 1444 1622 sit
1491 1578 1666 1637 simpli-

241 1656 343 1697 citer
376 1655 507 1710 gratia
540 1653 728 1705 alterius,
763 1653 837 1695 sed
866 1652 992 1695 ambo
1018 1653 1101 1694 sint
1128 1651 1263 1708 gratia
1287 1651 1532 1693 communis
1554 1649 1668 1707 finis,

240 1725 292 1769 ad
325 1740 455 1783 quem
480 1725 634 1767 iunctis
659 1739 741 1767 una
765 1723 925 1766 viribus
950 1739 1081 1780 aeque
1106 1722 1381 1779 conspirent:
1405 1722 1521 1779 atqui
1544 1720 1666 1764 bruta

241 1809 338 1840 sunt
361 1795 612 1853 simpliciter
635 1808 812 1853 propter
846 1794 1069 1837 hominem
1104 1793 1323 1851 ipsiusque
1350 1793 1498 1850 gratia,
1515 1807 1666 1835 suum-

239 1884 322 1926 que
352 1867 484 1911 finem
517 1868 560 1910 in
602 1868 776 1910 servitio
826 1867 992 1908 homini
1042 1865 1244 1922 praestito
1293 1864 1501 1908 obtinent.
1549 1864 1665 1920 Ergo

240 1939 361 1982 bruta
393 1954 481 1981 non
516 1937 670 1981 habent
704 1938 829 1980 relate
862 1937 913 1979 ad
947 1936 1174 1979 hominem
1207 1936 1418 1979 rationem
1452 1935 1572 1988 socii,
1589 1933 1666 1978 sed

240 2012 347 2054 servi
383 2024 579 2054 tantum:
614 2011 687 2068 qui
721 2024 818 2053 saue
851 2009 1037 2052 totaliter
1068 2020 1131 2051 est
1164 2020 1204 2050 et
1247 2019 1447 2064 operatur
1490 2018 1668 2064 propter

239 2082 385 2137 alium,
420 2084 452 2125 is
487 2081 738 2139 simpliciter
772 2095 833 2124 est
866 2097 1014 2123 servus
1046 2079 1171 2123 illius.
1209 2078 1417 2123 Obiicies.
1442 2077 1666 2122 Dominus

239 2168 338 2210 erga
371 2169 474 2196 suos
496 2152 693 2196 ·farnulos
727 2152 850 2196 habet
877 2151 1011 2194 multa
1036 2150 1201 2194 officia:
1226 2165 1331 2207 ergo
1355 2150 1521 2193 etiamsi
1544 2147 1666 2192 bruta

237 2224 322 2266 sint
355 2223 542 2266 hominis
578 2224 750 2266 servitio
784 2221 963 2279 addicta,
996 2234 1139 2264 tamen
1190 2232 1332 2279 potest
1380 2219 1516 2263 homo
1563 2233 1666 2276 erga

238 2292 361 2336 bruta
394 2293 545 2336 morali
580 2292 723 2336 debito
757 2293 889 2350 ligari.
934 2290 1210 2350 Respondeo.
1244 2291 1354 2335 Dist.
1388 2299 1474 2334 ant.
1509 2288 1668 2351 Domi-

237 2380 317 2407 nus
351 2363 475 2407 habet
510 2363 647 2407 officia
680 2379 779 2421 erga
817 2363 1018 2416 famulos,
1053 2363 1096 2405 in
1145 2373 1355 2420 quantum
1404 2360 1517 2404 servi
1563 2371 1666 2404 sunt

335 2583 392 2628 (1)
418 2582 544 2630 Saggio
572 2587 684 2617 leoret.
713 2582 787 2617 vol.
819 2582 844 2617 1.
871 2590 947 2616 not.
976 2581 1031 2616 28.
