1737 2802
656 137 896 192 -83—.,-

4 216 15 251 '.
61 239 108 281 in
131 235 229 296 fieri
260 234 320 291 (1)
338 232 403 276 vel
426 232 598 290 infacto
621 245 708 274 esse.
733 239 789 264 —‘·
814 229 975 284 Quoad
1005 231 1196 288 primum
1215 228 1490 286 inquirimus,

56 319 206 351 utrum
226 307 328 348 iuris
347 318 572 362 possessor
588 314 715 360 queat
732 301 822 344 vim
837 302 968 344 etiam
984 299 1207 359 physicam
1225 298 1422 344 adhibere
1439 299 1492 343 ad

55 378 257 421 iniuriam
275 374 593 434 impediendam
613 389 667 416 ue
688 372 775 416 fiat.
805 371 966 425 Quoad
1000 370 1186 415 alterum
1212 371 1492 428 inquirimus,

57 461 206 493 utrum
241 461 468 505 possessor
501 445 604 488 iuris
654 456 780 502 queat
813 445 855 488 vi
904 444 1031 487 etiam
1082 441 1269 486 adhibita
1318 442 1490 499 exigere

55 520 392 564 convenientem
426 517 604 559 iniuriae
638 528 832 573 acceptae
866 515 1211 573 reparationem.'

186 590 277 632 Hac
310 603 439 646 porro
473 588 515 630 in
548 586 658 630 thesi
693 586 743 630 de
778 587 829 629 iis
864 587 1089 644 praecipue
1122 586 1290 628 iniuriis
1341 599 1488 628 sermo

56 661 185 705 nobis
226 673 304 716 est,
338 675 444 718 quae
477 672 517 702 et
541 658 748 716 formales
790 671 888 701 sunt
937 669 978 701 et
1012 659 1190 715 insuper
1224 669 1324 700 sunt
1350 665 1488 714 presso

55 748 108 777 ac
139 734 275 777 stricto
292 735 419 775 ⁴sensu
452 731 629 773 iniuriae
664 729 745 785 (2).

182 816 249 845 20.
276 790 660 845 DfflioNSTRArlo.
679 802 710 843 Ι.
737 800 926 853 Quando
951 801 1102 843 iniuria
1127 801 1168 843 in
1188 815 1239 843 eo
1266 811 1404 852 est,ut
1424 800 1488 842 in-

58 874 232 928 feratur,
267 885 369 916 tunc
401 873 504 915 iuris
541 887 769 929 possessor
811 872 879 930 [.⁰)
915 884 1057 929 potest
1088 872 1178 914 vim
1226 872 1373 914 iniusti
1408 886 1487 927 ag—

55 945 270 1006 gressoris
303 945 342 987 vi
377 943 578 1002 repellere
626 943 676 987 ad
725 942 1049 1004 impediendum
1084 960 1136 987 ne
1171 945 1236 986 ius
1271 942 1486 986 laedatur:

56 1017 139 1074 2⁰.)
171 1017 212 1059 in
247 1015 322 1058 hac
354 1016 394 1057 vi
445 1027 591 1058 contra
640 1015 850 1057 iniustum
901 1028 1202 1072 aggressorem
1252 1013 1489 1058 adhibenda

55 1100 200 1147 potest
233 1088 361 1130 etiam
394 1085 619 1139 danmuni,
662 1087 696 1128 si
732 1085 814 1129 hoc
848 1101 1021 1129 necesse
1055 1087 1123 1143 sit,
1156 1085 1215 1129 illi
1238 1086 1407 1130 inferre.
1433 1111 1490 1120 -

55 1159 176 1203 Cum
209 1170 349 1201 autem
385 1158 487 1200 iuris
521 1147 746 1214 possessor
780 1173 871 1200 esse
905 1170 1030 1215 queat
1054 1157 1119 1200 vel
1154 1173 1338 1215 persona
1381 1157 1488 1216 phy-

0 1246 2 1251 ·
53 1233 144 1274 :sica
176 1245 249 1273 seu
286 1230 459 1287 privata,
491 1230 556 1272 v'el
607 1244 788 1286 persona
838 1229 1012 1271 moralis
1058 1245 1130 1272 seu
1169 1229 1350 1287 publica,
1387 1230 1415 1273 i.
1449 1248 1484 1275 e.

56 1301 127 1345 vel
159 1300 419 1343 individuum
451 1300 517 1343 vel
551 1303 716 1344 societas
748 1300 836 1358 (3):
871 1301 1167 1358 quaestionem
1202 1302 1375 1359 proprie
1418 1301 1489 1344 in-

51 1373 276 1416 stituimus
311 1371 361 1414 de
396 1371 626 1424 individuo,
661 1370 777 1428 quod
814 1372 917 1413 iuris
953 1373 1103 1414 existat
1136 1372 1390 1416 subiectum.
1421 1374 1488 1416 De

54 1445 223 1502 privato
256 1443 370 1486 enim
405 1443 542 1486 maior
578 1455 641 1485 est
677 1442 923 1486 difficultas:
980 1456 1021 1486 et
1054 1445 1087 1486 si
1122 1446 1158 1486 ei
1198 1446 1261 1487 vis
1303 1445 1488 1488 coactiva

49 1516 262 1573 competit
293 1514 344 1558 ad
377 1530 503 1557 suum
538 1515 603 1557 ius
637 1513 969 1569 defendendum,
995 1516 1133 1559 multo
1159 1517 1296 1573 magis
1332 1515 1480 1575 eadem

8 1596 12 1602 “
50 1600 271 1645 «competet
305 1588 456 1630 unioni
493 1581 742 1630 hominum.

175 1659 274 1701 Dixi
303 1659 373 1716 1⁰.)
396 1674 522 1715 posse
546 1659 648 1700 iuris
674 1673 970 1714 possessorem
989 1659 1076 1701 vim
1103 1672 1251 1702 contra
1274 1660 1486 1704 iniustum

54 1745 361 1787 aggressorem
381 1729 580 1772 adhibere
604 1728 654 1772 ad
679 1731 784 1784 vim,
807 1745 933 1786 quam
960 1731 1050 1787 ipse
1075 1729 1213 1787 infert,
1232 1730 1488 1788 elidendam,

61 1801 214 1858 sicque
248 1799 591 1857 impediendum,
624 1815 677 1842 ne
711 1800 775 1841 ius
810 1799 957 1843 laedat.
991 1825 1047 1833 —-
1080 1800 1128 1844 Id
1162 1813 1304 1844 autem
1337 1801 1487 1859 proba-

151 2043 202 2088 (1)
232 2058 247 2073 ι(
267 2044 498 2078 Existimatur
525 2044 653 2079 iniuria
681 2056 761 2079 esse
786 2045 823 2077 in
843 2042 937 2089 fieri,
960 2044 1103 2090 quando
1123 2064 1165 2070 —
1185 2045 1240 2079 vel
1263 2056 1383 2079 revera
1411 2046 1487 2092 ipsa

52 2104 150 2138 *actio
176 2102 347 2137 iniuriosa
374 2113 425 2138 est
452 2104 485 2137 in
514 2103 602 2145 fier³‚
619 2104 767 2150 physice
796 2104 900 2138 etiarn
933 2103 1129 2150 loquend0‚
1149 2113 1186 2138 ut
1206 2103 1350 2150 quando
1369 2105 1485 2139 homo

57 2174 131 2197 non
159 2172 210 2197 est
237 2163 343 2208 plene
370 2164 530 2198 deiectus
557 2175 574 2197 a
605 2164 845 2209 possessionis
872 2175 956 2198 suae
984 2164 1059 2198 iure
1078 2184 1119 2188 —
1140 2164 1196 2198 vel
1225 2164 1382 2198 deiectus
1410 2165 1487 2212 qui-

55 2223 135 2257 dem
163 2230 228 2265 est,
255 2230 386 2258 tamen
421 2225 454 2257 in
483 2223 698 2265 continenti,
727 2223 817 2257 idest
845 2224 921 2257 sine
949 2223 1100 2257 notabili
1128 2234 1243 2266 mora,
1265 2233 1433 2269 procurat
1451 2235 1488 2258 se

52 2283 144 2316 tueri
171 2293 211 2316 ac
238 2282 444 2316 restituere.
473 2283 583 2317 Cuius
612 2282 702 2316 ratio
730 2291 795 2323 cst,
823 2282 904 2327 quia
934 2281 1078 2327 quando
1115 2281 1243 2328 aliquis
1279 2292 1330 2317 est
1368 2294 1489 2317 mors-

55 2341 135 2378 liter
159 2342 193 2375 in
224 2341 356 2375 actuali
378 2342 592 2385 resistentia,
613 2350 646 2376 et
679 2351 841 2378 conatur,
870 2342 986 2388 quoad
1016 2350 1147 2387 potest,
1180 2353 1283 2376 suum
1313 2343 1366 2376 ius
1384 2343 1487 2384 tueri,

52 2412 129 2436 non
157 2410 322 2435 censetur
348 2400 563 2446 simpliciter
589 2411 715 2447 passus
743 2401 913 2435 iniuriam
942 2411 1007 2434 nec
1035 2399 1194 2435 deiectus
1214 2412 1230 2434 a
1259 2412 1321 2435 sua
1341 2412 1486 2447 posses-

50 2462 170 2495 sione.
192 2474 209 2490 »
242 2459 294 2493 Ita
320 2460 463 2501 Suara,
493 2459 536 2493 de
564 2460 663 2494 carit.
692 2459 783 2505 disp.
810 2460 908 2494 XIII.
934 2468 1022 2494 sect.
1054 2471 1082 2494 1.

150 2520 207 2564 (2)
233 2518 286 2554 Cf.
314 2531 430 2565 super.
458 2519 506 2553 th.
536 2519 576 2554 II.
607 2530 685 2565 pag.
718 2527 768 2565 39.

149 2580 206 2623 (3)
230 2577 324 2612 Vide
351 2577 467 2612 eamd.
495 2579 586 2613 thes.
616 2577 657 2611 II.
686 2588 762 2624 pag.
796 2586 848 2622 37.
