1737 2802
165 217 360 258 Romano
416 227 637 271 «emptor,
673 225 717 256 ut
750 212 929 270 explicat
977 214 1169 257 Becanus
1201 212 1289 271 (1),
1323 227 1410 256 non
1459 212 1586 257 habet

164 287 226 326 ius
263 286 301 327 in
336 300 375 327 rc
410 285 516 327 circa
541 299 717 341 equum,
741 299 819 341 pro
854 299 941 341 quo
964 284 1154 341 pretium
1188 283 1408 342 persolvit,
1433 299 1583 343 quam-

163 355 231 396 diu
269 370 404 412 equus
438 370 524 397 non
558 368 621 398 est
656 354 712 397 illi
746 353 941 411 traditus,
974 354 1098 398 habet
1131 367 1274 398 tamen
1308 356 1373 399 ius
1407 357 1451 399 in
1487 370 1586 399 rem.

164 425 286 467 Unde
322 426 353 467 si
391 425 588 468 venditor
622 424 825 468 eumdem
860 441 1020 482 equum
1054 425 1170 469 alteri
1205 425 1359 470 vendat
1391 438 1432 470 et
1455 425 1586 469 simul

162 495 308 552 tradat,
344 496 409 539 hic
444 496 657 539 secundus
692 508 865 554 emptor
898 497 1091 554 acquiret
1125 498 1190 541 ius
1224 499 1266 542 in
1299 513 1353 551 re,
1397 512 1475 541 nec
1517 509 1588 540 te-

162 567 328 611 nebitur
363 584 523 626 equum
561 567 726 610 tradere
761 568 893 624 priori
928 569 1112 626 emptori
1145 568 1233 627 (2).
1268 569 1320 612 Et
1353 569 1460 612 ratio
1503 580 1588 621 est,

163 640 259 697 quia
294 640 409 697 prior
443 652 614 696 emptor
646 654 733 681 non
766 638 890 682 habet
923 640 990 682 ius
1024 641 1065 682 in
1101 655 1155 694 re,
1189 639 1263 683 sed
1312 652 1479 683 tantum
1520 640 1588 683 ius

161 703 216 753 m‘l
250 726 346 758 rem,
383 723 422 752 et
458 710 672 767 posterior
704 711 927 768 acquisivit
963 710 1041 754 sibi
1075 712 1141 754 ius
1175 712 1217 754 in
1249 727 1306 755 re.
1342 711 1457 768 Ergo
1499 725 1586 755 non

163 798 227 823 res
264 780 445 833 vendita,
480 780 553 824 sed
587 780 787 825 venditor
821 783 910 840 ipse
959 795 1021 826 est
1054 782 1268 840 obligatus
1312 783 1446 840 priori
1491 798 1590 826 em-

162 854 288 910 ptori.
323 855 384 896 Ac
419 853 596 911 proinde
631 854 765 911 priori
814 855 1001 911 emptori
1052 870 1140 898 non
1175 853 1428 898 conceditur
1475 855 1587 898 actio

161 926 283 968 walis
318 926 357 967 in
394 941 499 981 rem,
524 941 631 983 quae
665 926 749 968 iam
774 925 945 969 alterius
969 925 1115 969 effecta
1147 938 1228 979 est,
1253 925 1328 970 sed
1362 926 1471 969 actio
1489 934 1591 984 per-

161 996 310 1039 malis
346 997 387 1038 in
422 996 710 1050 venditorem,
731 997 803 1054 qui
823 1009 992 1040 tenetur
1027 1012 1125 1041 cum
1150 998 1246 1056 ipso
1280 1012 1584 1055 componere.»

282 1069 445 1112 Rursus
480 1080 625 1111 autem
660 1069 725 1111 ius
760 1069 803 1112 in
837 1084 880 1112 re
914 1085 988 1112 seu
1034 1069 1280 1113 dominium
1315 1069 1588 1128 proprietatis

164 1138 430 1196 (dominium
466 1140 581 1182 enim
616 1154 679 1183 est
715 1141 779 1183 ius
814 1142 855 1184 in
889 1157 930 1184 re
965 1153 1004 1184 et
1038 1156 1124 1184 non
1168 1141 1356 1200 praecise
1387 1141 1443 1184 ad
1482 1141 1590 1200 rem)

164 1210 367 1253 dividitur
401 1212 442 1253 in
467 1211 713 1255 dominium
732 1212 961 1271 perfectum
985 1228 1059 1256 seu
1087 1212 1262 1271 plenum
1281 1225 1321 1257 et
1341 1211 1587 1257 dominium

164 1282 454 1339 imperfectum:
474 1282 773 1341 imperfectum
797 1299 901 1327 vero
924 1283 1130 1328 dividitur
1147 1285 1187 1327 in
1210 1284 1404 1329 directum
1421 1296 1461 1329 et
1479 1285 1590 1327 utile:

164 1354 265 1397 utile
299 1353 471 1398 tandem
505 1370 526 1397 a
560 1354 801 1412 Theologis
835 1368 876 1400 et
908 1356 1231 1400 Iurisconsultis
1270 1371 1351 1414 pro
1388 1357 1590 1400 varietate

163 1426 356 1469 utilitatis
390 1425 677 1470 subdividitur
711 1428 753 1470 in
788 1426 934 1471 decem
979 1428 1156 1485 species,
1189 1442 1344 1485 nempe
1377 1427 1420 1470 in
1453 1441 1589 1480 usum,

164 1499 484 1556 usmnfructzmz,
509 1498 814 1555 habitationem,
846 1499 1144 1557 emphyteusim,
1170 1498 1365 1556 feudum,
1389 1497 1589 1550 libellum,

161 1571 324 1627 pignus,
342 1571 608 1629 hypothecam,
625 1572 878 1628 servitutem,
892 1571 1190 1629 possessionem.
1208 1595 1259 1601 ——
1280 1570 1397 1612 Haec
1416 1568 1589 1622 utiliter,

165 1654 210 1683 ut
244 1641 426 1698 videtur,
459 1643 543 1685 iam
577 1641 645 1685 hic
678 1642 931 1686 innuuntur:
965 1642 1053 1685 suis
1077 1653 1219 1684 autem
1253 1640 1359 1683 locis
1382 1638 1589 1683 evolven-

164 1726 248 1766 tur,
282 1728 436 1771 nempe
471 1714 541 1756 ubi
584 1729 762 1772 agemus
812 1713 864 1757 de
913 1713 1110 1758 dominio
1159 1712 1447 1771 proprietatis,
1481 1725 1590 1770 quae

165 1798 226 1827 est
261 1787 456 1843 quaestio
490 1785 540 1829 ad
576 1786 640 1829 ius
675 1785 933 1829 individuale
968 1785 1198 1843 pertinens,
1223 1783 1359 1842 deque
1392 1782 1590 1827 dominio

164 1856 487 1911 iurisdictionis,
522 1872 629 1915 quae
663 1856 899 1915 disputatio
934 1868 1097 1914 spectat
1130 1855 1180 1899 ad
1212 1855 1279 1898 ius
1311 1854 1484 1898 sociale.

283 1929 461 1972 Divisro
495 1929 568 1972 ΠΙ.
605 1929 858 1986 Spectemus
892 1928 1021 1971 tertio
1054 1927 1151 1970 loco
1199 1925 1377 1978 titulum,
1411 1936 1588 1983 propter

164 2014 293 2056 quem
328 2000 393 2041 ius
428 2000 469 2041 in
503 1998 579 2042 hac
612 1998 677 2042 vel
711 1997 778 2042 illa
813 2013 1007 2056 persona,
1041 2010 1261 2055 tamquam
1295 1996 1339 2038 in
1382 1993 1589 2047 subiecto,

164 2068 332 2113 residet.
368 2070 476 2112 Iuris
510 2069 661 2112 titulus
694 2086 769 2113 seu
813 2069 1145 2113 fundamentum
1192 2079 1257 2111 est
1304 2066 1463 2110 factum
1513 2065 1592 2108 ali-

165 2141 298 2198 quod,
323 2142 441 2184 cuius
476 2143 631 2184 intuitu
656 2141 721 2185 vel
755 2142 876 2184 cuius
900 2141 1065 2184 ratione
1097 2140 1164 2184 lex
1187 2140 1261 2183 uni
1295 2137 1472 2197 quidem
1495 2151 1592 2195 per-

165 2225 294 2254 sonae
328 2210 470 2254 tribuit
505 2224 760 2269 potestatem
793 2211 955 2270 aliquid
988 2209 1186 2264 faciendi,
1212 2207 1410 2267 exigendi
1434 2207 1500 2252 vel
1525 2221 1592 2250 re-

166 2283 343 2340 tinendi,
377 2281 493 2326 alteri
527 2299 628 2325 vero
663 2298 870 2341 personae
903 2283 1090 2340 imponit
1124 2280 1317 2325 debitum
1351 2295 1425 2324 seu
1477 2274 1611 2322 obli-'

261 2525 318 2568 (1)
346 2523 432 2558 Loc.
460 2534 569 2568 nuper
602 2523 658 2557 cit.
688 2533 786 2556 num.
817 2531 848 2556 2.

259 2589 316 2628 (2)
347 2584 396 2618 Ita
424 2583 575 2617 habetur
600 2582 639 2617 L.
666 2581 823 2625 Quoties
851 2581 891 2616 C.
917 2580 962 2615 de
988 2582 1038 2616 rei
1066 2578 1291 2615 venditione.
