1737 2802
644 148 697 154 —.
735 136 819 178 20¹7
851 147 909 156 ..-

61 217 338 263 recolendum
363 233 413 261 ex
435 218 597 275 Logica
629 213 708 274 est,
738 218 951 276 duplicem
986 218 1192 276 distingui
1225 220 1485 278 evidentiam,

60 289 257 333 videlicet
279 289 450 332 alteram
475 289 709 348 simpliciter
742 290 885 346 talem,
909 289 1082 334 alteram
1115 291 1242 335 talem
1267 293 1485 336 secundum

58 361 169 420 qnid.
203 355 327 404 Prior
359 373 422 404 est
455 360 537 412 illa,
575 377 682 419 quae
717 361 980 405 intellectum
1015 377 1193 420 prorsus
1242 366 1486 421 necessitat,

56 441 184 492 atque
212 447 389 476 omnem
415 433 544 476 etiam
572 433 819 491 possibilem
844 433 1011 477 errandi
1035 425 1315 478 formidinem
1341 435 1482 494 abigit:

56 505 134 549 hac
167 504 377 549 evidentia
413 504 543 562 pollet
579 505 681 548 haec
723 506 892 562 veritas,
923 518 1066 549 totum
1110 518 1172 549 est
1221 508 1358 550 maius
1407 523 1482 551 sua

57 590 190 636 parte.
224 576 369 620 Altera
401 589 464 620 est
497 575 578 633 illa,
613 592 718 634 quae
753 591 847 635 apta
880 590 942 620 est
969 577 1193 622 excludere
1228 580 1483 636 prudentem

55 649 274 692 dumtaxat
307 664 353 691 ac
401 648 697 692 rationabilem
748 649 913 693 errandi
961 648 1254 707 formidinem,
1288 667 1482 710 quaeque

57 719 237 779 proinde
269 734 354 763 non
385 719 640 763 determinat
674 719 936 764 intellectum
960 720 1009 764 ad
1036 737 1259 765 assensum
1283 722 1479 776 firmum,

56 793 137 836 nisi
172 791 385 835 mediante
418 793 604 850 imperio
639 791 884 837 voluntatis,
907 817 963 826 —
986 794 1179 840 Iamvero
1203 810 1291 837 non
1325 796 1482 853 prioris

60 863 185 915 illius,
219 862 294 907 sed
327 862 453 905 huius
489 862 662 906 alterius
696 865 863 920 generis
898 877 961 907 est
1008 864 1234 920 evidentia,
1268 882 1375 924 quae
1412 884 1484 911 re-

62 935 191 979 sultat
224 951 274 978 ex
306 936 422 978 notis
455 950 530 978 seu
568 936 744 979 criteriis
780 936 945 979 divinae
980 932 1260 980 revelationis.
1302 938 1364 989 Ex
1397 954 1482 996 quo

58 1005 122 1065 fit,
153 1019 198 1050 ut
231 1022 429 1050 assensus
464 1005 712 1050 revelationi
745 1009 964 1064 praestitus
1012 1007 1065 1050 sit
1113 1009 1378 1065 meritorius,
1411 1025 1484 1052 ne-

53 1088 177 1137 gatus
211 1092 353 1122 autem
378 1080 432 1121 sit
466 1078 782 1134 demeritorius,
809 1091 959 1136 utpote
984 1079 1329 1123 irrationabiliter
1357 1093 1483 1138 atque

58 1167 118 1215 ex·
143 1150 338 1209 culpabili
373 1149 661 1194 obstinatione
695 1163 876 1207 negatus
911 1150 995 1209 (1).
1047 1152 1162 1194 Haec
1204 1152 1316 1194 viam
1360 1151 1482 1195 nobis

58 1236 254 1266 sternunt
287 1223 337 1266 ad
370 1222 493 1266 aliam
543 1222 881 1280 pertractandam
926 1224 1242 1281 quaestionem,
1275 1240 1381 1282 quae
1432 1224 1483 1268 ad

58 1311 232 1340 morum
267 1297 487 1339 scientiam
521 1296 694 1353 proprie
744 1296 942 1352 pertinet,
976 1298 1273 1354 quaestionem
1320 1312 1475 1355 nempe

56 1367 110 1412 de
142 1367 284 1412 debito
319 1368 506 1411 divinam
542 1367 824 1425 amplectendi
860 1368 1182 1411 revelationem.

199 1500 238 1546 3)
263 1500 322 1534 De
348 1499 483 1533 debito
509 1499 692 1533 divinam
720 1498 991 1542 amplectendi
1018 1499 1331 1532 revelationem.

178 1631 246 1673 54.
279 1616 558 1661 Probandum
592 1617 872 1669 assumimus,
897 1631 985 1659 non
1019 1615 1192 1674 quidem
1221 1616 1387 1674 sactum
1404 1624 1484 1674 po-

57 1691 230 1733 sitivum
262 1688 548 1745 revelationis,
581 1688 655 1732 sed
688 1689 880 1732 naturale
929 1688 1145 1746 simulque
1189 1688 1484 1746 hypotheticmn

152 1875 204 1920 (1)
231 1876 288 1910 Ad
315 1887 389 1910 rem
417 1875 609 1921 Taparelli‚
635 1874 753 1920 saggio
781 1880 894 1909 leores.
923 1874 1005 1910 diss.
1038 1885 1067 1910 1.
1098 1886 1174 1920 cap,
1203 1885 1236 1920 9.
1264 1885 1365 1909 num.
1386 1882 1478 1915 244:

60 1950 78 1966 α
105 1935 146 1971 L’
164 1935 276 1970 attual
303 1935 542 1981 provvidenza
563 1937 681 1980 esigea
711 1936 776 1969 che
804 1944 948 1981 potesse
975 1935 1114 1969 l'uomo
1142 1935 1286 1968 estimato
1317 1934 1480 1968 resistere

56 1994 126 2030 alla
151 1994 243 2037 sede,
271 1994 404 2041 purch&
431 2004 575 2040 potesse
595 1995 681 2041 ogni
710 2006 823 2030 uomo
851 1995 888 2029 di
914 1995 1022 2029 lvuomz
1044 1993 1124 2040 fede
1143 1994 1400 2041 agevolmente
1427 2004 1483 2026 ar-

57 2055 193 2091 rivarci.
212 2055 266 2090 Or
293 2065 418 2102 questo
446 2065 608 2102 appunto
628 2058 645 2090 ἐ
665 2056 687 2090 il
715 2055 852 2102 doppio
871 2064 1043 2090 carattere
1064 2055 1157 2089 della
1177 2054 1293 2088 moral
1314 2062 1481 2088 certezza:

57 2117 236 2162 perocche
263 2116 346 2150 dall’
363 2128 410 2151 un
437 2126 544 2151 canto
572 2118 731 2152 siccome
759 2117 790 2151 la
811 2128 873 2151 sua
900 2116 1072 2151 evidenza
1091 2110 1216 2150 risulta
1244 2114 1287 2149 da
1307 2126 1356 2148 un
1375 2125 1482 2148 com-

57 2175 178 2222 plesso
205 2176 238 2210 di
266 2187 388 2222 prove,
418 2177 436 2210 e
465 2175 569 2210 facile
595 2187 614 2210 a
641 2175 697 2211 chi
722 2177 808 2211 vuol
836 2177 1025 2211 dissentire
1053 2176 1074 2209 il
1102 2174 1309 2221 distogliere
1336 2173 1482 2209 l'atten-

56 2236 160 2269 zione
185 2234 283 2270 dallo
318 2235 531 2270 sterniinato
559 2234 615 2270 lor
654 2247 806 2270 numero
835 2247 853 2270 e
880 2235 974 2269 dalla
1013 2235 1109 2269 iorza
1139 2234 1346 2268 invincibile
1386 2232 1482 2269 della

57 2294 112 2329 lor
137 2295 430 2336 comffinazione,
470 2294 744 2330 analizzandole
783 2295 825 2329 ad
869 2306 938 2329 una
965 2294 1008 2328 ad
1034 2306 1118 2336 una,
1145 2306 1164 2329 e
1192 2305 1255 2340 per
1292 2294 1368 2328 cosi
1406 2293 1481 2327 dire

53 2354 370 2392 notomizzandole
396 2355 429 2389 in
456 2355 568 2389 modo
595 2355 637 2389 da
665 2355 819 2400 privarle
847 2355 940 2390 della
965 2356 1049 2397 vita,
1077 2353 1345 2389 dell'immensa
1373 2352 1481 2394 sorza,

53 2415 121 2452 che
146 2416 176 2450 la
204 2415 328 2450 sintesi
356 2416 411 2450 lor
437 2413 650 2458 conferisce‚
677 2415 761 2449 affin
790 2415 823 2449 di
851 2415 980 2450 render
1007 2415 1178 2461 possibile
1204 2426 1274 2450 con
1301 2426 1348 2448 un
1387 2412 1479 2448 sofi-

53 2477 161 2510 sticar
186 2475 229 2509 da
256 2475 408 2510 scettico
437 2475 467 2509 la
497 2475 750 2510 miscredenza.
777 2474 974 2510 Dall’altro
1010 2476 1171 2510 siccome
1198 2475 1232 2509 le
1267 2486 1329 2509 sue
1370 2484 1481 2520 prove

51 2545 119 2568 son
145 2543 253 2580 prove
279 2533 315 2568 di
344 2532 446 2578 fatto,
473 2534 640 2569 riescono
676 2534 878 2569 accessibili
907 2534 950 2568 ad
979 2535 1066 2581 ogni
1101 2534 1394 2570 mediocrissimo
1422 2533 1480 2566 iu-

53 2603 189 2639 gegno,
215 2604 234 2628 e
259 2591 426 2628 formano
451 2591 513 2628 'col
532 2604 686 2630 numero
714 2604 732 2627 e
759 2602 945 2629 contrasto
973 2593 1051 2629 loro
1079 2594 1247 2629 evidenza
1277 2592 1477 2640 perfetta.»
