1737 2802
9 178 351 223 consideratione
384 190 558 222 voveret
591 176 765 235 aliquid,
796 176 862 220 vel
895 177 966 235 qui
1000 189 1105 220 voto
1155 177 1423 234 promitteret

12 266 57 294 se
89 249 300 294 facturum
334 250 549 293 actionem
583 249 767 307 aliquam
801 265 852 292 ex
885 265 928 291 se
962 247 1136 301 malam,
1173 261 1242 290 aut
1275 247 1326 291 ad
1352 248 1434 290 Dei

12 321 235 364 servitium
269 319 387 364 nullo
422 332 543 378 pacto
579 320 906 373 conducentem,
942 332 1012 362 aut
1047 320 1174 362 etiam
1219 320 1434 362 actionem

12 391 185 448 bonam,
219 392 394 435 maioris
428 403 571 434 tamen
604 390 704 434 boni
739 390 1051 448 impeditivam,
1087 391 1120 433 is
1156 405 1254 433 sane
1288 391 1433 433 Deum

14 462 309 515 inhonoraret,
344 462 539 519 maleque
587 474 745 519 ageret.
781 487 836 494 —
870 463 936 505 De
986 460 1249 518 obligatione
1296 476 1434 504 conse—

13 543 153 593 quente
185 533 231 576 fit
264 535 427 577 mentio
462 535 503 577 in
536 533 657 577 thesi.
690 535 756 577 De
780 533 855 576 hac
890 549 1063 591 quoque
1098 532 1235 576 dicam
1270 533 1435 590 paucis,

15 621 112 649 cum
149 621 213 648 res
237 606 338 648 satis
373 608 428 648 sit
473 605 710 649 manifesta.
761 606 946 662 Etenim,
981 618 1026 648 ut
1059 620 1092 648 S.
1128 604 1326 648 Thomas
1361 603 1432 662 (1)

15 677 170 734 arguit,
219 676 320 720 «ad
368 675 613 719 fidelitatem
663 676 851 720 hominis
900 677 1091 733 pertinet,
1129 687 1171 718 ut
1204 674 1340 718 solvat
1374 674 1433 731 id,

16 748 133 806 quod
167 749 377 806 promisit.
413 748 537 791 Unde
586 747 824 791 secundum
868 747 1164 804 Augustinum
1221 746 1279 803 (2)
1333 745 1438 790 fides

17 820 172 864 dicitur
204 836 254 863 ex
289 820 388 875 hoc,
424 819 540 877 quod
574 819 679 862 fiunt
731 820 850 863 dicta.
886 820 1075 862 Maxime
1124 831 1265 861 antem
1317 818 1440 861 debet

16 892 152 936 homo
187 893 283 935 Deo
316 890 579 944 fidelitatem,
616 905 707 934 tum
743 893 904 935 ratione
939 891 1137 947 dominii,
1171 903 1263 934 tum
1309 891 1438 933 etiam

16 964 180 1008 ratione
228 963 418 1007 beneficii
474 965 675 1022 suscepti.
726 965 776 1007 Et
830 963 927 1007 ideo
985 964 1171 1006 maxime
1227 962 1441 1020 obligatur

17 1035 152 1080 homo
185 1035 235 1079 ad
270 1034 366 1092 hoc,
399 1035 516 1093 quod
551 1035 722 1093 impleat
768 1048 866 1078 vota
908 1036 1004 1078 Deo
1038 1034 1155 1077 facta:
1192 1033 1274 1077 hoc
1323 1035 1439 1077 enim

18 1110 200 1167 pertinet
234 1107 283 1150 ad
316 1106 578 1165 fidelitatem,
612 1123 738 1165 quam
777 1106 911 1149 homo
945 1105 1067 1149 debet
1115 1107 1225 1149 Deo.
1276 1106 1441 1148 Fractio

18 1193 159 1224 autem
195 1180 284 1223 voti
317 1192 380 1222 est
412 1179 619 1238 quaedam
656 1178 912 1222 infidelitatis
947 1179 1125 1236 species.
1160 1177 1289 1222 Unde
1323 1177 1444 1221 Salo-

19 1267 124 1294 mon
158 1252 458 1309 (3)1·ationem
507 1251 709 1308 assignat,
758 1266 888 1308 quare
935 1251 1019 1292 sint
1066 1262 1166 1292 vota
1212 1247 1442 1302 reddenda,

19 1323 117 1382 quia
149 1321 343 1379 displicet
375 1322 470 1364 Deo
504 1320 684 1364 infidelis
719 1321 964 1378 promissio.
998 1337 1018 1360 »
1074 1320 1185 1363 Hinc
1221 1335 1254 1362 S.
1287 1321 1444 1377 Augu-

19 1396 156 1438 stinus
187 1393 256 1454 (4)
290 1409 405 1450 eum,
438 1394 511 1451 qui
534 1406 676 1436 actum
700 1392 869 1436 aliunde
903 1408 991 1435 non
1015 1390 1323 1449 obligatorium
1346 1392 1443 1435 Deo

19 1466 155 1518 vovit,
185 1467 244 1508 sic
267 1464 505 1522 compellat:
547 1483 567 1506 (ι
591 1465 847 1523 Priusquam
872 1479 987 1507 esses
1007 1464 1095 1506 voti
1121 1479 1234 1518 reus,
1257 1462 1440 1505 liberum

20 1535 114 1590 fuit,
147 1550 233 1594 quo
267 1551 381 1578 esses
415 1534 617 1579 inferior:
666 1535 861 1592 quamvis
905 1549 993 1576 non
1027 1535 1081 1576 sit
1115 1532 1367 1590 gratulanda
1398 1532 1445 1575 li·

19 1607 172 1664 bertas,
205 1623 287 1666 qua
318 1607 380 1666 fit,
412 1621 458 1651 ut
490 1623 578 1651 non
601 1607 802 1656 debeatur
825 1606 942 1665 quod
965 1621 1064 1649 cum
1088 1604 1208 1649 lucro
1234 1604 1444 1650 redditur.

20 1681 150 1726 Nunc
183 1695 285 1723 vero
318 1681 418 1738 quia
453 1692 621 1723 tenetur
654 1678 765 1737 apud
799 1679 944 1722 Deum
978 1677 1157 1735 sponsio
1182 1689 1266 1733 tua,
1289 1692 1378 1720 non
1402 1688 1446 1719 te

21 1752 74 1797 ad
111 1768 311 1810 magnam
344 1752 550 1798 iustitiam
584 1752 733 1805 invito,
767 1750 840 1793 sed
873 1767 894 1793 a
928 1765 1081 1806 magna
1112 1749 1338 1807 >iniquitate
1373 1747 1446 1792 de-

20 1836 177 1869 terreo.
209 1825 310 1869 Non
344 1824 458 1868 enim
497 1822 588 1867 talis
624 1824 722 1880 eris,
754 1823 789 1864 si
822 1837 909 1865 non
943 1820 1091 1864 feceris
1127 1819 1244 1878 quod
1267 1819 1444 1876 vovisti,

23 1896 160 1956 qualis
194 1897 441 1954 mansisses,
473 1897 507 1938 si
541 1894 647 1938 nihil
683 1894 764 1938 tale
796 1894 1004 1938 vovisses.
1041 1893 1182 1936 Minor
1205 1892 1319 1935 enim
1345 1903 1448 1935 tnnc

24 1983 155 2026 esseS,
187 1983 275 2018 non
303 1970 427 2027 peior.
461 1968 597 2011 Modo
621 1979 765 2010 autem
790 1978 909 2009 tanto
933 1964 1069 2023 (quod
1092 1963 1212 2020 absit)
1237 1963 1450 2020 miserior,

26 2039 61 2082 si
92 2038 222 2084 fidem
250 2043 352 2102 *Deo
385 2040 578 2098 fregeris,
604 2051 764 2098 quanto
785 2037 960 2091 beatior,
995 2038 1028 2079 si
1064 2035 1331 2094 persolveris.
1356 2035 1451 2080 Nec

123 2261 174 2306 (1)
198 2260 240 2296 L.
267 2261 336 2295 iam
364 2261 426 2296 cit.
453 2270 519 2296 art.
547 2272 578 2306 3.
1371 2289 1379 2293 ..

123 2323 180 2367 (2)
205 2322 270 2368 Ep.
297 2321 355 2356 82.
385 2321 429 2356 ad
455 2321 616 2364 Hieron„
643 2319 676 2355 al
710 2331 771 2366 ¹9„
790 2330 891 2354 num.
920 2328 988 2353 22.:
1016 2329 1038 2352 ‹<
1055 2317 1159 2354 Fides
1178 2318 1213 2352 in
1230 2316 1346 2352 latino
1374 2327 1452 2352 ser-

28 2393 139 2417 mone
166 2383 210 2416 ab
238 2392 281 2416 eo
308 2380 436 2416 dicitur
461 2379 651 2427 appellata,
679 2379 776 2426 quod
802 2379 841 2414 tit
869 2377 1133 2425 quodidicitur.
1154 2391 1171 2408 »

55 2469 60 2473 .
124 2442 181 2488 (3-)
206 2441 284 2478 Lib.
307 2440 548 2476 Ecclesiastes
572 2439 618 2474 V.
651 2451 682 2485 3.
710 2440 754 2475 Et
779 2451 811 2474 v,
831 2450 903 2486 seq.
922 2437 1096 2473 subditur:
1124 2447 1147 2471 «
1165 2435 1354 2483 multoque
1372 2447 1453 2471 me-

29 2501 98 2538 lius
124 2511 177 2537 est
202 2513 277 2537 non
304 2512 450 2544 vovere,
478 2512 584 2547 quam
610 2508 692 2546 post
716 2507 843 2534 votum
871 2497 1052 2545 promissa
1079 2507 1154 2531 non
1180 2495 1344 2530 reddere.
1360 2509 1378 2526 »

123 2561 178 2608 (4)
202 2561 266 2608 Ep.
299 2571 385 2606 ¹27··
413 2560 458 2595 al.
485 2569 554 2603 45„
581 2571 682 2595 num.
712 2558 745 2593 8.
796 2587 798 2590 ,
1093 2561 1096 2564 ’
