1737 2802
833 139 1066 194 ..34-

228 247 299 276 tur
334 234 379 289 α)
413 249 462 276 ex
498 234 690 277 unanimi
726 235 924 277 omnium
961 234 1209 289 hominum,
1260 235 1511 292 praesertim
1552 251 1665 281 vero

234 305 529 363 legislatorum
565 321 792 349 consensu.
848 307 976 349 Hunc
1009 319 1170 349 exstare
1217 321 1475 350 consensum
1519 307 1660 352 Inno-

228 379 391 420 centius
426 378 498 421 ΙΙΙ.
540 393 738 435 expresse
763 377 944 421 declarat
995 377 1109 421 hisce
1142 377 1280 421 verbis
1313 377 1399 436 (1):
1447 395 1467 419 «
1491 379 1660 433 Quam-

229 449 292 490 vis
326 449 413 491 vim
447 450 486 490 vi
523 448 725 505 repellere
760 464 913 492 omnes
948 449 1062 506 leges
1099 462 1139 492 et
1172 450 1319 493 omnia
1353 450 1445 492 iura
1476 451 1660 508 permit-

231 532 335 572 tant,
372 532 514 561 tamen
549 519 589 561 id
633 518 719 562 fieri
758 519 884 562 debet
929 535 1027 562 cum
1076 519 1374 563 moderamine
1422 519 1662 578 inculpatae
1705 539 1726 573 s

232 590 401 643 tutelae,
435 605 522 632 non
557 589 607 633 ad
640 590 896 633 sumendam
947 590 1194 647 vindictam,
1237 590 1313 634 sed
1360 591 1410 634 ad
1459 592 1663 652 iniuriam

235 661 584 719 propulsandam.
621 680 643 702 »
680 663 789 704 Item
838 661 1077 705 Alexander
1104 663 1179 706 HI.
1213 662 1298 721 (2):
1340 680 1360 704 «
1408 663 1524 708 Cum
1571 664 1665 706 vinis

235 733 438 790 repellere
473 748 625 776 omnes
660 733 775 790 leges
825 734 1053 791 omniaque
1087 735 1177 776 iura
1225 734 1472 791 permittant
1506 747 1586 778 etc.
1618 750 1668 777 ³)-

237 808 351 850 Hinc
384 807 425 848 in
461 807 654 848 oratione
706 822 785 863 pro
834 805 998 848 Milone
1048 804 1251 848 clamabat
1298 793 1494 849 Tullius:
1535 806 1661 849 «Est

237 879 339 922 haec
371 893 458 921 non
492 878 648 935 scripta
681 878 754 920 sed
789 890 883 920 nata
915 877 998 931 lex,
1035 876 1085 920 ad
1119 893 1247 934 quam
1292 893 1380 921 non
1423 877 1539 922 docti
1591 877 1670 921 sed

238 949 348 1002 facti,
382 965 470 992 non
507 949 692 992 instituti
726 948 799 991 sed
834 948 1188 1008 imbufisumus,
1222 960 1267 991 ut
1315 949 1348 990 si
1380 949 1467 992 vita
1512 960 1665 992 nostra

240 1020 380 1080 (quod
414 1033 554 1064 autem
590 1020 640 1063 de
673 1021 757 1063 vita
782 1019 962 1073 dicitur,
998 1032 1139 1077 potest
1172 1019 1310 1063 debita
1344 1033 1667 1078 cum-propore

240 1095 357 1136 tione
380 1091 549 1135 extendi
574 1091 626 1135 ad
651 1106 790 1135 cetera
812 1091 946 1150 bona)
971 1093 1013 1134 in
1037 1092 1194 1150 aliquas
1220 1091 1408 1149 insidias,
1431 1093 1465 1136 si
1487 1094 1530 1136 in
1553 1094 1670 1144 vim,

240 1165 273 1206 si
306 1164 347 1206 in
382 1162 464 1205 tela
496 1175 567 1206 aut
601 1162 822 1206 latronum
865 1176 935 1206 aut
958 1164 1235 1206 inimicorum
1260 1163 1497 1221 incidisset,
1518 1163 1671 1207 omnis

242 1235 423 1278 honesta
457 1234 564 1277 ratio
599 1248 710 1278 esset
744 1234 1031 1292 expediendae
1054 1234 1199 1277 salutis
1234 1270 1243 1279 .
1277 1269 1287 1279 .
1323 1269 1331 1278 .
1367 1236 1465 1278 Hoc
1497 1247 1538 1278 et
1561 1235 1674 1278 ratio
1734 1247 1737 1258 ¹

243 1306 380 1349 doctis
416 1319 456 1349 et
491 1307 719 1349 necessitas
754 1305 938 1349 barbaris
973 1319 1012 1349 et
1047 1322 1142 1349 mos
1176 1305 1373 1363 gentibus
1406 1319 1447 1350 et
1471 1305 1574 1350 feris
1593 1321 1669 1349 na—

242 1390 335 1420 tura
368 1379 459 1435 ipsa
492 1379 776 1435 praescripsit,
800 1390 847 1420 ut
871 1393 1047 1420 omnem
1072 1393 1242 1435 semper
1266 1379 1369 1436 vim,
1392 1393 1672 1438 quacumque.-

245 1465 326 1506 ope
374 1461 572 1506 possent,
607 1465 627 1492 a
677 1464 872 1506 corpore,
905 1465 926 1491 a
961 1451 1110 1506 capite,
1143 1465 1164 1491 a
1195 1450 1279 1492 vita
1321 1465 1396 1493 sua
1434 1448 1671 1508 propulsa-

245 1533 337 1564 rent
369 1538 410 1564 ».
444 1545 501 1553 -—
533 1523 744 1578 Arguitur
777 1520 828 1580 (3)
863 1538 912 1564 ex
945 1537 996 1564 eo
1031 1521 1162 1579 quod,
1197 1534 1242 1564 ut
1274 1523 1330 1565 ait
1355 1522 1482 1566 Card.
1507 1521 1559 1583 de
1582 1521 1672 1564 Lu-

245 1607 300 1649 go
335 1591 420 1650 (3),
460 1610 480 1633 «
513 1591 618 1634 nihil
652 1594 788 1649 magis
824 1593 956 1649 quieti
983 1605 1023 1635 et
1048 1594 1138 1650 paci
1164 1592 1373 1636 humanae
1395 1605 1674 1651 repugnaret,

247 1678 374 1721 quarn
409 1664 443 1705 si
477 1663 667 1706 scelerati
701 1664 877 1721 impune
912 1676 1087 1720 possent
1121 1663 1334 1721 quoslibet
1372 1663 1533 1722 absque
1581 1663 1666 1707 ulla

248 1735 487 1777 resistentia
521 1734 686 1778 laedere
721 1753 759 1778 >›.
796 1734 923 1778 Unde
956 1736 1016 1777 sic
1049 1735 1145 1778 licet
1179 1751 1368 1792 arguere.
1418 1735 1673 1780 Dicendum

250 1821 348 1849 sane
380 1817 443 1849 est
476 1806 613 1863 legem
648 1806 883 1849 naturalem
918 1822 964 1849 ea
1012 1806 1262 1860 concedere,
1307 1823 1414 1866 quae
1463 1808 1597 1866 quieti
1632 1819 1679 1851 et

250 1878 339 1934 paci
374 1877 584 1920 humanae
602 1872 747 1934 (quam
785 1878 972 1934 quietem
992 1890 1031 1919 et
1051 1893 1198 1935 pacem
1219 1894 1320 1921 sane
1342 1878 1450 1936 vult)
1471 1891 1571 1923 sunt
1592 1894 1677 1937 ap-

251 1949 390 2006 prime
423 1950 669 1993 necessaria.
703 1950 835 2007 Atqui
869 1950 1002 2007 quieti
1036 1962 1076 1992 et
1109 1950 1200 2007 paci
1233 1949 1444 1993 humanae
1477 1950 1680 2009 apprime

252 2021 542 2063 necessarium
576 2032 655 2076 est,
687 2020 803 2078 quod
839 2021 903 2062 ius
938 2019 1044 2063 adsit
1077 2021 1165 2063 vim
1199 2021 1355 2064 iniuste
1389 2020 1547 2064 illatam
1566 2035 1677 2079 pro-

254 2091 495 2148 portionata
529 2091 568 2133 vi
602 2091 846 2149 repellendi.
881 2092 996 2148 Ergo
1030 2090 1095 2134 lex
1119 2091 1319 2135 naturalis
1354 2091 1436 2136 hoc
1469 2093 1534 2136 ius
1563 2107 1677 2136 con-

349 2347 402 2392 (1)
430 2347 516 2393 Cap.
543 2347 761 2394 Significasti
791 2349 842 2382 18.
870 2347 914 2382 de
940 2347 1112 2384 homicid.

350 2406 402 2451 (2)
431 2407 520 2453 Cap.
548 2407 584 2442 Si
613 2419 698 2442 vero
729 2416 757 2451 3.
785 2407 830 2442 de
857 2416 950 2442 sent.
981 2408 1248 2444 excommunic.

351 2467 410 2513 (3)
438 2467 493 2502 De
519 2468 598 2501 iust.
626 2476 660 2502 et
686 2469 760 2502 iure
786 2467 876 2514 disp.
903 2468 947 2504 X.
975 2476 1063 2503 sect.
1093 2469 1156 2503 VI.
1183 2475 1284 2504 num.
1314 2477 1390 2514 137.
1416 2469 1461 2505 Et
1478 2479 1578 2504 num.
1599 2477 1684 2512 143.

257 2525 369 2561 addit:
399 2525 692 2569 «irrationabile,
721 2526 952 2572 importabile
979 2538 1019 2561 ac
1046 2527 1235 2562 communi
1261 2527 1361 2563 bono
1387 2527 1610 2563 contrarium
1644 2526 1685 2562 id

257 2594 362 2620 esset.
381 2598 399 2617 n

1703 115 1705 118 ’
1731 109 1737 139 ⁴.
