1737 2802
697 138 755 146 —
791 114 873 169 348
907 139 964 145 —

113 211 302 253 veritatis
339 210 537 267 pertinet,
572 222 618 252 ut
653 210 749 267 quis
783 208 909 251 talem
945 224 989 252 se
1023 207 1217 252 exhibeat
1251 206 1437 251 exterius
1471 222 1549 267 per

117 282 239 337 signa
273 282 500 337 exteriora,
536 280 671 338 qualis
711 293 788 322 est.
839 280 970 336 Signa
1005 291 1148 323 autem
1197 281 1413 323 exteriora
1461 294 1549 323 non

118 353 260 395 solum
297 365 396 395 sunt
428 352 570 404 verba,
616 352 690 394 sed
739 353 866 394 etiam
894 351 1026 409 facta.
1063 352 1181 395 Sicut
1229 366 1332 408 ergo
1380 351 1551 394 veritati

117 427 368 483 opponitur,
388 424 506 482 quod
531 424 682 482 aliquis
708 440 781 481 per
804 423 928 467 verba
953 425 1163 467 exteriora
1188 423 1299 467 aliud
1320 422 1551 481 significet,

117 512 244 555 quam
280 496 397 554 quod
433 496 556 538 habet
590 496 703 553 apud
738 512 797 549 se,
821 495 938 552 quod
972 495 1022 538 ad
1058 495 1314 539 mendacium
1349 496 1550 553 pertinet,

119 571 174 612 ita
208 569 336 610 ctiam
372 568 607 625 opponitur
639 568 821 620 veritati,
847 566 964 624 quod
989 566 1143 625 aliquis
1166 582 1240 625 per
1264 567 1404 624 aliqua
1426 567 1550 624 signa

118 641 330 683 factorum
355 639 421 682 vel
445 655 588 682 rerum
614 638 771 695 aliquid
797 638 1007 696 significet
1031 640 1294 682 contrarium
1321 640 1411 681 eius
1431 637 1550 695 quod

118 712 160 754 in
195 726 247 754 eo
281 723 359 766 est,
389 709 506 767 quod
540 712 713 767 proprie
736 710 940 753 simulatio
976 709 1144 753 dicitur.
1171 709 1298 753 Unde
1332 707 1551 751 simulatio

118 784 293 841 proprie
317 795 379 826 est
404 783 675 825 mendacium
701 781 920 839 quoddam
947 783 985 823 in
1013 782 1276 824 exteriorum
1302 781 1434 837 signis
1460 779 1550 823 fac-

116 867 262 898 torum
298 856 554 897 consistens.
578 855 682 898 Non
717 853 843 896 refert
877 866 1039 905 autem,
1067 866 1211 896 utrum
1243 852 1394 911 aliquis
1429 867 1552 895 men-

116 927 246 969 tiatur
279 925 420 969 verbis
455 925 520 968 vel
554 941 832 983 quocumque
857 925 940 968 alio
976 924 1101 969 facto.
1128 924 1254 968 Unde
1289 939 1387 966 cum
1419 937 1550 967 omne

118 997 392 1040 mendacium
443 998 495 1039 sit
544 1009 783 1054 peccatum,
822 1010 1092 1054 consequens
1142 1008 1204 1038 est
1251 995 1378 1038 etiam
1430 992 1549 1052 quod

119 1070 263 1113 omnis
297 1068 517 1111 simulatio
552 1081 615 1111 est
651 1080 926 1124 peccatum.»
967 1069 1100 1121 Haec,
1135 1083 1242 1124 quae
1277 1066 1328 1110 de
1367 1065 1549 1109 simula-

117 1142 234 1184 tione
268 1140 471 1196 diximus,
505 1141 636 1196 aptari
672 1139 825 1182 debent
859 1139 1060 1197 hypocrisi
1092 1139 1170 1195 (Ι),
1206 1138 1424 1181 melantiae
1459 1136 1552 1196 (2),

116 1213 352 1256 adulationi
383 1212 459 1267 (3),
494 1211 673 1268 aliisque
707 1209 920 1252 similibus
955 1211 1081 1253 vitiis.

244 1296 338 1326 101.
376 1283 615 1326 SenotioN
653 1281 685 1324 I.
720 1282 778 1324 Ut
812 1297 843 1323 s.
870 1280 1022 1324 doctor
1054 1281 1326 1338 Augustinus
1351 1278 1424 1338 (4)
1459 1291 1554 1337 apte

121 1356 306 1399 omnino
331 1354 646 1407 animadvertit,
673 1353 818 1396 «aliud
843 1366 905 1395 est
929 1353 1105 1409 mentiri,
1124 1351 1236 1395 aliud
1256 1367 1402 1395 verum
1425 1351 1553 1396 occul-

119 1435 220 1482 tare,
243 1424 458 1482 siquidem
483 1423 597 1466 aliud
622 1438 698 1476 est,
722 1423 878 1476 falsum
902 1423 1041 1476 dicere,
1065 1422 1180 1465 aliud
1201 1438 1344 1466 verum
1369 1431 1545 1466 tacere.»

120 1498 172 1540 Et
196 1496 291 1540 alibi
317 1498 391 1553 (5):
432 1511 557 1539 «non
592 1508 655 1538 est
689 1495 978 1550 mendacium,
1004 1510 1099 1538 cum
1127 1493 1294 1538 silendo
1328 1492 1554 1536 abscondi-

119 1579 190 1611 tur
211 1583 378 1625 verum,
402 1567 477 1611 sed
502 1583 600 1610 cum
624 1567 845 1625 loquendo
870 1567 1086 1624 promitur
1109 1565 1278 1610 falsum.
1299 1583 1319 1604 »
1357 1566 1554 1608 Iamvero

216 1807 267 1852 (1)
297 1823 312 1838 α
335 1807 558 1854 Hypocrisis,
586 1817 622 1842 ut
642 1816 737 1841 recte
765 1807 880 1852 inquit
900 1817 929 1841 s.
951 1805 1118 1840 Thomas
1138 1805 1160 1840 l.
1180 1816 1275 1839 nunc
1303 1805 1361 1841 cit.
1381 1816 1411 1839 a.
1439 1813 1486 1846 2.‚
1508 1805 1555 1839 si-

119 1868 272 1902 mulatio
301 1877 364 1909 est‚
392 1879 467 1901 non
495 1876 615 1901 autem
644 1865 766 1900 omnis
794 1865 993 1908 simulatio,
1021 1865 1083 1898 sed
1109 1862 1230 1899 s'olum
1272 1863 1347 1908 illa,
1375 1875 1443 1910 qua
1472 1863 1552 1910 quis

118 1928 263 1963 simulat
291 1939 486 1974 personam
527 1926 683 1968 alterius,
711 1926 802 1960 sicut
835 1936 916 1959 cum
957 1933 1126 1970 peccator
1165 1923 1314 1958 simulat
1354 1933 1554 1969 personam

122 1988 219 2022 iusti.
240 2000 261 2021 »

219 2047 273 2091 (2)
302 2045 379 2081 Cfr.
411 2057 437 2080 s.
468 2045 669 2087 Thomam,
697 2053 728 2079 2.
758 2054 788 2078 2.
817 2055 849 2089 q.
881 2053 957 2078 112.

215 2107 266 2152 (3)
293 2104 367 2141 Cfr.
394 2105 564 2139 eumdem
592 2113 794 2144 auctorem,
827 2113 857 2136 2.
887 2113 917 2137 2.
946 2115 978 2150 q.
1008 2111 1084 2145 115.

217 2166 268 2209 (4)
294 2165 379 2200 Loc.
407 2165 477 2199 iam
506 2166 564 2199 cit.
615 2170 619 2175 “

213 2225 268 2269 (5)
296 2225 433 2259 Contra
461 2223 692 2258 mendacium
721 2233 799 2267 cap.
825 2222 869 2256 X.
899 2222 942 2256 Et
966 2220 1102 2254 ibidem
1129 2218 1236 2265 paulo
1264 2218 1427 2264 superius
1464 2217 1555 2252 h'aec

121 2284 337 2330 perpulchre
364 2284 512 2318 dixerat:
538 2294 559 2315 «
576 2282 659 2317 Non
685 2280 756 2315 hoc
793 2290 846 2315 est
881 2280 1064 2315 occultare
1101 2279 1303 2321 veritatem,
1330 2277 1426 2324 quod
1465 2287 1554 2323 pro-

120 2344 212 2379 ferre
239 2343 484 2378 mendacium.
514 2342 692 2384 Quamvis
720 2340 816 2375 enim
846 2341 979 2382 omnis,
1007 2340 1064 2386 qui
1102 2339 1286 2381 mentitur,
1313 2337 1399 2373 velit
1438 2338 1556 2372 celare

122 2403 218 2450 quod
247 2414 371 2436 verum
399 2410 466 2444 est,
494 2412 569 2435 non
598 2410 722 2434 tamen
743 2399 864 2433 omnis
892 2399 951 2445 qui
980 2398 1057 2433 vult
1077 2397 1175 2444 quod
1201 2409 1326 2431 verum
1351 2405 1405 2432 est
1438 2395 1556 2431 celare

122 2462 308 2497 mentitur.
351 2462 566 2506 Plerumque
606 2460 703 2493 enim
746 2470 827 2493 vera
856 2470 931 2492 non
971 2457 1185 2492 mentiendo
1225 2455 1465 2498 occultamus,
1493 2452 1555 2488 sed

122 2521 291 2556 tacendo.
316 2520 442 2566 Neque
469 2521 566 2553 enim
596 2519 770 2552 mentitus
810 2527 863 2552 est
903 2517 1074 2551 dominus
1100 2517 1161 2550 ubi
1197 2515 1261 2557 ait,
1290 2514 1404 2549 multa
1438 2512 1556 2547 habeo

122 2582 223 2617 vobis
251 2581 382 2622 dicere,
410 2579 470 2613 sed
500 2591 573 2613 non
602 2578 752 2624 potestis
780 2577 839 2612 ilia
870 2586 1015 2623 portare
1041 2575 1165 2611 modo.
1201 2575 1298 2610 Vera
1334 2572 1453 2614 tacuit,
1480 2582 1556 2606 non
