1737 2802
743 109 802 118 -
837 85 920 140 328
953 96 1031 117 —·

282 190 324 228 α)
359 180 430 222 Ius
467 178 660 236 profecto
694 179 938 236 parentibus
973 180 1101 232 inest,
1134 179 1244 224 bona
1276 195 1352 223 sua
1385 178 1482 223 filiis
1522 191 1593 223 te-

164 265 378 295 stamento
415 250 699 308 relinquendi.
735 251 888 304 Quum
925 253 990 294 ius
1026 250 1205 295 babeant
1227 253 1271 296 id
1297 251 1499 305 faciendi,
1534 251 1596 294 si—

166 323 255 365 mul
288 337 390 365 vero
425 321 476 364 ad
510 321 552 365 id
586 321 830 365 faciendum
875 322 1153 366 vehementer
1188 338 1209 364 a
1241 336 1388 367 natura
1435 323 1595 381 impel-

165 395 320 449 lantur,
364 390 805 450 praesupponendum
856 407 933 447 est,
968 409 1042 436 eos
1091 410 1237 451 reapse
1284 393 1473 438 voluisse
1520 409 1596 437 sua

166 464 278 506 bona
312 462 407 506 filiis
443 466 485 506 in
510 464 820 507 haereditatem
856 465 1112 523 relinquere.
1139 465 1360 509 Habemus
1394 481 1499 524 ergo
1521 481 1598 509 vo-

168 536 375 578 luntatem
413 549 639 593 parentum
672 545 996 595 praesumptam,
1031 550 1071 580 et
1104 550 1215 580 recte
1249 552 1427 595 prorsus
1461 552 1507 580 ac
1528 552 1599 580 ra-

168 607 430 650 tionabiliter
466 621 802 665 praesumptam,
838 610 903 652 cui
938 609 1148 652 voluntati
1183 609 1384 652 standum
1418 620 1496 652 est.

287 678 335 738 (3)
370 679 501 722 Aliud
537 693 754 737 praeterea
787 693 850 722 est
884 694 1039 723 attente
1074 679 1443 738 perpendendum,
1475 679 1601 722 vide-

168 751 265 793 licet
298 752 526 794 coniunctio
561 752 783 804 naturalis,
817 767 950 809 eaque
983 753 1236 808 arctissima,
1269 751 1460 795 filiorum
1504 765 1603 793 cum

170 821 431 879 parentibus,
467 822 600 865 Filius
633 838 732 866 sane
766 824 834 866 tali
870 825 1041 867 vinculo
1076 826 1182 882 patri
1227 823 1524 880 adstringitur,
1560 834 1605 863 ut

171 896 225 936 sit
259 893 453 936 eiusdem
488 895 609 951 quasi
643 893 808 947 effusiO,
832 897 1087 953 propagatio
1112 912 1186 938 seu
1222 895 1503 938 continuatio:
1526 905 1633 944 ests

174 979 219 1007 ut
253 966 394 1022 inquit
426 965 682 1009 Aristoteles
716 966 800 1024 (Ι),
836 967 1166 1024 quodammodo
1201 982 1297 1024 pars
1332 968 1439 1022 eius,
1462 964 1604 1026 ὥσπερ

174 1035 304 1098 μέρος
342 1037 494 1081 αὖτῡῦ.
546 1040 660 1082 Hinc
708 1038 770 1094 fit,
809 1052 853 1082 ut
901 1040 1080 1082 naturali
1115 1041 1206 1082 iure
1255 1038 1411 1097 polleat
1459 1051 1607 1080 succe-

150 1109 301 1153 'dendi
337 1112 378 1152 in
412 1109 523 1152 bona
558 1111 707 1167 ipsius:
744 1112 784 1153 in
821 1111 936 1169 haec,
971 1113 1168 1169 quamvis
1217 1125 1334 1169 pater
1381 1111 1605 1153 intestatus

174 1181 342 1234 obierit,
376 1197 456 1224 suo
492 1183 582 1225 iure
617 1183 822 1226 succedit.
860 1184 985 1236 Quae
1028 1184 1207 1226 assertio
1259 1181 1450 1240 pluribus
1499 1181 1606 1223 scri-

174 1251 371 1309 ptoribus
406 1252 586 1306 videtur,
621 1269 667 1295 ac
702 1255 858 1296 merito
893 1254 1084 1311 quidem,
1109 1254 1294 1296 nimium
1329 1252 1491 1296 debilis.
1513 1249 1608 1294 Ad-

175 1324 283 1366 dunt
318 1325 447 1379 igitur
481 1322 619 1366 filium
653 1324 882 1367 succedere
915 1325 1004 1368 sibi:
1031 1326 1168 1367 immo
1193 1324 1442 1381 concipiunt
1468 1321 1608 1365 filiurn

176 1396 217 1437 i11
261 1395 386 1438 bonis
437 1397 638 1453 paterniS,
673 1398 803 1438 etiam
852 1409 947 1438 ante
995 1397 1125 1453 patris
1173 1396 1356 1453 obitum,
1389 1392 1607 1452 quoddam

177 1484 277 1511 cum
312 1480 429 1524 patre
463 1467 767 1510 condaminium
810 1467 975 1511 habere.
1011 1467 1213 1511 Profecto
1264 1479 1504 1525 parentum,
1536 1465 1610 1522 qui

178 1539 227 1582 ab
261 1540 464 1582 intestato
499 1538 726 1595 decedunt,
760 1538 872 1582 bona
907 1553 1126 1597 nequeunt
1176 1539 1260 1583 dici
1307 1537 1476 1580 nullius:
1510 1547 1612 1579 sunt

178 1612 295 1654 enim
332 1610 532 1666 familiae,
566 1623 636 1653 aut
671 1624 781 1654 certe
815 1624 991 1668 propter
1025 1606 1246 1654 familiam.
1287 1610 1457 1654 Habent
1505 1623 1612 1665 ergo

178 1683 390 1726 dominnm
424 1683 466 1724 in
499 1681 596 1724 filiis
631 1683 703 1739 qui
738 1695 981 1740 supersunt.
1017 1710 1060 1714 ——
1089 1684 1134 1727 Si
1167 1682 1241 1726 filii
1276 1682 1432 1736 desint,
1455 1695 1611 1724 eorum

179 1754 276 1797 loco
304 1754 541 1797 succedunt
566 1754 777 1811 gradatim
803 1755 846 1804 ii,
870 1756 943 1812 qui
968 1768 1086 1798 erant
1110 1754 1364 1798 arctioribus
1389 1753 1611 1809 sanguinis

178 1825 360 1868 vinculis
406 1827 689 1884 proprietario
740 1827 976 1879 coniuncti,
1013 1825 1257 1869 dummodo
1306 1825 1375 1869 ille
1424 1824 1476 1868 de
1524 1824 1613 1866 suis

181 1897 305 1940 bonis
340 1897 459 1941 aliter
491 1913 580 1941 non
615 1897 894 1955 disposuerit.
918 1899 1072 1956 Neque
1106 1899 1222 1941 enim
1247 1914 1298 1941 ex
1319 1910 1494 1941 naturae
1516 1895 1611 1950 lege

181 1982 353 2012 tenetur
386 1969 507 2012 alicui
544 1969 792 2027 providere,
827 1970 909 2012 nisi
946 1969 1004 2012 illi
1038 1969 1104 2012 vel
1136 1969 1217 2012 illis
1251 1969 1406 2027 quibus
1431 1969 1613 2011 existen·

180 2042 285 2083 tiam
320 2040 450 2084 dedit.
485 2040 623 2093 Quod
655 2042 691 2083 si
726 2042 1035 2098 consanguinei
1086 2042 1268 2084 omnino
1317 2040 1474 2097 desint,
1508 2051 1613 2082 tunc

183 2111 359 2169 quidem
395 2111 587 2155 succedit
620 2113 820 2166 societas,
855 2111 905 2155 ad
939 2127 1068 2169 quam
1100 2111 1326 2155 defunctus
1361 2109 1614 2169 pertinebat,

185 2196 336 2240 utpote
370 2183 428 2225 illi
463 2185 767 2241 propinquior.
791 2183 876 2227 Sed
911 2182 963 2227 de
992 2183 1075 2240 his,
1100 2183 1194 2226 data
1227 2198 1372 2241 opera,
1396 2181 1614 2240 agendum

184 2256 266 2297 erit
299 2256 340 2297 in
377 2255 512 2312 capite
545 2256 757 2312 sequenti,
787 2256 828 2298 in
861 2270 949 2313 quo
983 2255 1028 2299 de
1061 2257 1148 2298 iure
1171 2254 1313 2299 sociali
1337 2254 1616 2300 disseremue.

280 2473 339 2516 (1)
369 2473 483 2507 Ethic.
512 2474 610 2508 VIH.
643 2483 704 2516 12„
731 2482 764 2508 et
792 2474 837 2508 V.
864 2473 898 2508 6.
923 2492 967 2500 —
995 2474 1089 2508 Vide
1115 2484 1234 2520 super.
1261 2473 1352 2509 thes.
1380 2473 1423 2508 11.
1450 2483 1533 2519 pag.
1560 2470 1620 2508 26.
