1737 2802
697 123 933 166 —31—

100 206 303 253 condicto
351 205 538 264 publico:
587 217 689 264 puta
737 220 836 248 cum
885 215 1004 247 totus
1059 203 1246 262 populus
1295 204 1529 260 consentit,

101 278 223 339 quod
253 276 413 336 aliquid
446 276 649 320 habeatur
682 276 803 334 quasi
837 274 1122 333 adaequatum
1165 286 1206 319 et
1239 290 1525 318 commensu-

101 362 243 394 ratum
276 349 409 402 alteri,
442 348 509 391 vel
544 363 641 391 cum
676 347 758 391 hoc
802 347 968 391 ordinat
1012 347 1223 405 princepS‚
1257 348 1330 404 qui
1379 360 1525 390 curam

103 421 253 482 populi
285 420 411 464 habet
444 433 485 463 et
518 421 609 463 eius
645 434 872 477 personam
907 419 1067 476 gerit.»

223 492 295 536 Sic
326 508 365 535 v.
399 506 440 548 g.
476 491 541 534 ius
574 489 642 533 vel
674 491 837 534 iustum
870 489 1061 533 naturale
1094 487 1234 532 reddit
1266 489 1361 546 quis
1396 488 1530 545 alteri,

105 578 204 608 cum
238 578 316 621 pro
350 562 501 606 modio
534 563 681 615 tritici,
717 577 847 620 quem
882 560 932 603 ab
965 576 1017 604 eo
1050 561 1226 618 accepit,
1258 558 1530 602 tantumdem

103 636 234 679 tritici
269 635 306 678 ei
340 633 493 677 reddit.
530 634 600 676 Ius
635 646 778 676 autern
811 632 879 676 vel
912 634 1074 675 iustum
1118 633 1347 690 positivum
1394 629 1531 674 reddit

104 707 201 766 quis
235 706 369 758 alteri,
408 721 507 748 cum
541 720 619 763 pro
653 705 797 747 tritico
832 717 902 747 aut
937 704 1014 746 alia
1046 719 1090 746 re
1122 702 1258 746 venali
1292 701 1340 745 ab
1374 716 1426 745 eo
1459 717 1529 745 ac-

106 791 226 836 cepta
261 777 330 820 dat
363 778 400 820 ei
435 789 594 819 certam
628 775 741 818 illam
776 775 982 833 pecuniae
1024 789 1258 827 summam,
1294 789 1423 831 quam
1464 772 1532 816 lex

104 847 241 892 civilis
277 847 534 891 determinat
568 860 788 904 tamquam
823 846 1091 904 aequivalens
1125 861 1199 888 seu
1250 859 1532 888 commensu-

105 931 248 963 ratum
282 919 343 962 rei
376 918 486 961 illius
522 918 709 975 pretium
742 917 827 976 (Ι).

227 990 301 1034 ΙΙΙ.
336 990 408 1032 Ius
444 989 623 1032 demum
656 990 784 1032 tertio
818 988 952 1032 modo
1002 988 1340 1041 consideremus,
1375 988 1532 1031 scilicet

105 1076 186 1120 pro
213 1069 408 1119 potestate
440 1060 617 1117 legitima
649 1059 809 1118 aliquid
842 1059 1038 1116 faciendi,
1071 1059 1270 1116 exigendi
1316 1059 1381 1102 vel
1429 1059 1532 1102 reti-

104 1132 248 1176 nendi.
283 1133 457 1180 Iniure
490 1133 550 1176 sic
582 1145 756 1190 accepto
792 1132 894 1175 haec
918 1133 1107 1190 quinque
1132 1131 1340 1189 distingui
1365 1130 1533 1187 debent,

106 1205 315 1247 nimirum
350 1230 402 1235 —
431 1205 685 1262 principium
718 1219 738 1246 a
772 1219 858 1261 quo
908 1215 1096 1261 potestas
1140 1203 1208 1246 illa
1250 1201 1445 1260 procedit
1477 1227 1535 1235 —

107 1276 282 1318 materia
328 1275 435 1317 circa
483 1290 612 1332 quam
656 1274 805 1317 eadem
853 1287 1045 1317 versatur
1080 1300 1133 1306 —
1169 1262 1320 1318 titulus*
1359 1286 1536 1332 propter

105 1360 237 1404 quern
271 1346 315 1387 in
349 1344 426 1388 hac
459 1344 526 1388 vel
559 1344 627 1388 illa
661 1361 859 1403 persona,
896 1358 1117 1404 tamquam
1152 1347 1194 1388 in
1227 1345 1438 1402 subiecto,
1462 1361 1535 1389 ac-

104 1428 251 1460 tuatur
284 1441 342 1450 —
374 1416 596 1460 subiectum
628 1417 671 1459 in
706 1432 792 1474 quo
829 1416 999 1471 residet,
1034 1418 1058 1460 i.
1094 1433 1130 1460 e.
1163 1418 1254 1475 ipse
1287 1418 1390 1460 iuris
1428 1433 1536 1475 pos-

103 1501 248 1531 sessor
279 1511 338 1520 —
370 1489 568 1531 terminus
595 1503 731 1545 quem
755 1500 944 1546 potestas
968 1487 1034 1531 illa
1069 1489 1257 1546 respicit,
1284 1488 1352 1531 illa
1379 1504 1535 1546 nempe

105 1573 306 1617 persona,
343 1574 451 1616 quae
485 1571 656 1602 tenetur
704 1572 962 1617 potestatem
1012 1561 1054 1602 in
1098 1560 1232 1603 altero
1279 1561 1536 1603 existentem

107 1630 293 1673 revereri
327 1645 401 1672 seu
436 1645 481 1673 se
515 1645 559 1673 se
594 1630 650 1672 illi
685 1630 949 1688 submittere,
974 1632 1155 1688 practice
1190 1647 1283 1674 eam
1316 1646 1535 1688 recogno-

108 1699 270 1743 scendo
305 1700 378 1757 (2).

227 1772 404 1815 D1vlsto
439 1772 469 1815 I.
507 1772 760 1829 Spectemus
790 1774 1045 1831 principium
1080 1789 1101 1816 a
1124 1789 1210 1831 quo
1235 1774 1300 1816 ius
1325 1772 1532 1831 procedit.

108 1842 375 1886 Huiusmodi
410 1844 688 1901 principium,
722 1856 768 1886 ut
801 1845 885 1886 iam
921 1844 1107 1887 diximus
1143 1845 1185 1887 in
1219 1844 1327 1889 thesi
1361 1859 1535 1902 praece-

203 2162 261 2206 (1)
290 2161 346 2198 Cf.
375 2163 419 2197 de
445 2163 614 2198 Valentia
641 2163 684 2198 de
711 2165 796 2199 inst.
826 2175 860 2210 q.
896 2173 923 2199 1.
954 2175 1079 2210 punct.
1108 2175 1141 2200 2.

203 2221 260 2266 (2)
287 2221 344 2257 Cf.
373 2221 567 2268 Taparelli,
597 2233 688 2258 corso
717 2224 866 2258 clement.
893 2223 927 2257 di
952 2230 1023 2259 nal.
1052 2225 1172 2260 diritto
1198 2223 1219 2259 1.
1247 2234 1280 2258 2.
1312 2234 1345 2257 c.
1378 2233 1408 2267 3.
1439 2234 1538 2258 nuni.

108 2279 183 2326 69.:
217 2294 233 2311 α
253 2281 354 2315 Sono
381 2283 440 2316 nel
467 2283 593 2320 diritto
620 2286 630 2319 i
660 2285 789 2330 cinque
816 2285 980 2330 segmenti
1009 2284 1197 2319 elementi:
1239 2286 1284 2318 1⁰.
1312 2285 1335 2319 1’
1353 2281 1470 2318 ordine
1497 2284 1540 2318 da

112 2340 170 2374 cui
197 2351 318 2375 nasce:
349 2345 399 2376 2⁰.
427 2344 573 2378 materia
603 2356 622 2379 a
650 2343 708 2378 cui
739 2344 767 2378 si
794 2343 950 2390 applica:
978 2346 1027 2387 30.
1046 2344 1146 2379 titolo
1174 2356 1233 2390 pet
1257 2345 1312 2378 cui
1331 2344 1361 2378 si
1379 2342 1537 2390 applica:

110 2404 167 2441 4⁰.
194 2405 339 2446 persona
368 2401 435 2436 che
461 2402 496 2437 lo
518 2405 694 2449 possiede:
721 2405 766 2445 5⁰.
790 2410 950 2450 persona,
971 2394 1038 2438 che
1057 2416 1101 2439 ne
1122 2405 1242 2438 riceve
1261 2404 1537 2448 I’impressione.

115 2457 211 2492 Dissi
234 2466 382 2505 persona
409 2462 437 2494 s'1
464 2461 489 2496 il
522 2473 734 2508 possessoze
759 2464 786 2497 si
815 2462 838 2496 il
864 2464 1021 2498 termine
1056 2463 1112 2498 del
1152 2464 1284 2506 diritt),
1324 2463 1454 2510 perche
1492 2474 1540 2496 un

112 2526 247 2560 essere,
277 2518 342 2553 che
368 2530 441 2554 non
469 2521 571 2555 abbia
596 2521 789 2560 intelletto,
818 2534 891 2557 non
919 2523 1085 2570 potendo
1113 2535 1312 2559 conoscere
1352 2523 1374 2557 1·
1394 2522 1538 2564 ordine,

110 2584 188 2609 non
214 2578 289 2622 puo
317 2582 362 2613 ne
388 2579 502 2614 anche
530 2591 729 2617 conoscere
758 2592 779 2615 o
805 2582 929 2617 diritto
957 2594 978 2617 0
1007 2583 1139 2618 dovere
1167 2583 1232 2618 ohe
1261 2594 1306 2617 ne
1340 2582 1474 2617 deriva.
1494 2595 1511 2613 »
