1737 2802
282 74 289 94 J

105 205 260 249 harum
294 205 402 247 inter
434 203 553 260 ipsos
588 202 778 259 privatos
813 199 982 258 divisio.
1019 196 1162 243 Simili
1197 195 1333 240 modo
1366 195 1446 238 etsi
1467 209 1540 237 na-

111 291 207 321 tura
241 275 293 319 ad
325 272 691 318 matrimonialem
714 274 847 316 vitam
871 270 1067 328 singulos
1090 269 1179 313 nOn
1202 268 1378 326 obliget3
1402 279 1547 320 tamen

123 366 174 392 ex
207 345 410 391 naturalis
445 345 734 388 inclinationis
766 345 823 401 vi,
843 343 966 386 simul
997 357 1086 386 cum
1109 341 1257 384 divina
1276 338 1549 398 providentia

115 435 223 479 quae
270 419 408 462 omnia
456 417 696 460 moderatur
727 416 814 474 (1),
860 415 985 458 sicuti
1033 429 1204 470 semper
1255 411 1444 467 fuerunt,
1491 411 1548 453 ita

111 505 288 547 semper
321 501 445 533 erunt
480 488 670 546 plurimi,
704 488 775 544 qui
811 485 1085 542 coniugalem
1116 486 1250 527 vitam
1298 482 1472 540 eligant,
1506 495 1547 525 et

120 563 181 605 sic
215 560 354 604 debita
377 561 548 618 generis
573 559 748 602 humani
773 557 1074 616 multiplicatio
1092 571 1333 613 numquam
1353 553 1546 598 cessabit.

121 635 271 686 Quare
305 631 679 690 quemadmodum
728 629 869 688 quoad
916 629 1013 683 hoc,
1046 630 1072 671 i.
1112 644 1146 672 e.
1183 627 1544 685 propagationem

119 705 298 747 humani
330 704 515 760 generis,
539 703 701 746 nullum
728 701 956 760 pericnlum
980 701 1163 743 imminet
1185 698 1257 757 (2)
1280 715 1332 742 ex
1354 715 1405 742 eo
1429 698 1548 756 quod

122 777 174 819 de
209 775 414 831 coniugio
450 774 640 816 ineundo
674 788 762 816 non
797 774 850 815 sit
884 788 961 830 pro
1004 771 1186 828 singulis
1235 769 1460 827 obligati03
1493 770 1549 813 ita

113 848 246 890 etiam
280 861 368 889 non
402 846 604 888 imminet
638 844 778 902 quoad
813 860 956 887 rerum
1006 842 1222 886 stabilium
1272 844 1382 884 inter
1429 842 1549 898 ipsos

126 919 314 976 privatos
350 917 623 960 divisionem:
659 919 776 972 haec,
809 932 918 974 quae
951 915 1001 958 ad
1043 930 1190 972 pacem
1241 927 1282 957 et
1331 913 1551 970 prosperi-

124 1001 256 1033 tatem
290 989 468 1032 humani
497 989 666 1046 generis
692 1001 755 1031 est
779 987 885 1030 adeo
910 987 1163 1039 necessaria,
1186 1001 1360 1042 semper
1382 985 1549 1027 existet.

119 1089 178 1092 —
211 1060 338 1105 Unde
373 1060 476 1103 illud
513 1062 640 1103 etiam
677 1060 969 1117 consequitur,
995 1057 1138 1114 aliquo
1170 1073 1275 1100 vero
1304 1072 1432 1100 sensu
1468 1056 1551 1099 dici

123 1149 268 1191 posse,
303 1132 494 1175 dominia
544 1134 706 1190 privata
752 1147 844 1175 esse
882 1147 902 1174 a
949 1144 1098 1173 natura
1146 1129 1411 1183 immediate,
1461 1145 1572 1178 non¹

125 1204 268 1248 solum
304 1207 344 1247 in
373 1207 559 1263 potentia
593 1204 667 1247 sed
715 1205 844 1247 etiam
879 1206 922 1246 in
955 1213 1047 1246 actn
1093 1215 1295 1260 spectata,
1343 1204 1551 1245 nimirum

125 1275 161 1317 si
195 1274 503 1317 indeterminate
525 1290 599 1316 seu
625 1276 666 1316 in
686 1290 825 1331 genere
849 1273 1188 1316 considerentur.
1218 1272 1406 1327 Scilicet,
1432 1271 1552 1330 quod

118 1345 246 1388 multi
282 1345 475 1388 dominia
510 1348 674 1404 privata
708 1345 902 1402 habeant,
937 1345 1019 1388 hoc
1051 1357 1114 1388 est
1147 1361 1256 1402 opus
1291 1345 1426 1402 ipsius
1471 1360 1551 1388 na-

118 1430 251 1460 turae:
288 1430 333 1459 ut
367 1418 502 1474 ipsius
535 1430 708 1460 naturae
733 1433 842 1475 opus
877 1430 954 1471 est,
978 1416 1095 1474 quod
1129 1416 1254 1459 multi
1279 1417 1365 1459 sint
1400 1418 1442 1458 in
1465 1417 1553 1460 vita

114 1487 336 1545 coniugali
370 1489 445 1545 (3).

212 1695 267 1739 (1)
293 1695 414 1729 Verba
442 1704 525 1730 sunt
552 1706 578 1728 s.
605 1694 787 1739 Thomae‚
814 1695 884 1729 loc.
915 1705 1009 1728 nunc
1038 1693 1094 1728 cit.
1127 1694 1162 1727 in
1190 1704 1352 1738 respons.
1380 1692 1423 1727 ad
1454 1699 1506 1736 3³¹.

208 1755 262 1799 (2)
291 1754 399 1788 Hisce
426 1755 544 1787 verbis
563 1765 588 1787 s.
609 1754 774 1788 Thomas
801 1754 1076 1799 responsionem
1099 1764 1185 1786 mox
1212 1753 1358 1786 citatam
1381 1752 1551 1787 absolvit.

119 1834 164 1840 -
183 1815 283 1849 Deus
313 1823 464 1848 naturae
491 1824 618 1848 auctor
645 1813 691 1854 id,
709 1813 807 1861 quod
826 1814 868 1846 ab
888 1813 1100 1847 hominibus
1126 1812 1200 1847 fieri
1228 1813 1317 1856 vult,
1336 1813 1477 1846 obtinet
1497 1813 1555 1847 vel

120 1880 184 1920 per
205 1879 403 1920 praecepta,
433 1872 490 1907 vel
518 1874 626 1907 etiam
653 1874 729 1908 sine
747 1874 949 1918 praeceptis
974 1874 1167 1918 unicuique
1194 1872 1378 1918 impositis
1400 1878 1466 1918 per
1491 1873 1555 1907 sti-

124 1934 233 1968 mulos
262 1935 283 1968 i.
310 1945 340 1968 e.
367 1934 643 1968 inclinationem
671 1933 714 1967 ad
734 1934 911 1979 quosdam
938 1942 1037 1967 actus
1056 1932 1408 1978 delectationemque
1427 1932 1469 1966 iis
1495 1934 1557 1967 ad-

113 2005 257 2029 nexam.

212 2055 262 2099 (ς)
293 2055 344 2089 Ex
371 2054 544 2089 hactenus
571 2054 674 2088 dictis
711 2053 816 2088 facile
855 2053 1037 2098 intelliges
1065 2065 1116 2095 ea,
1143 2064 1233 2098 quae
1272 2053 1485 2088 subiicimus
1512 2065 1555 2088 ex

120 2113 263 2155 Lessio‚
296 2113 340 2148 de
368 2114 448 2149 iust.
477 2123 510 2148 et
538 2115 613 2147 iure
641 2113 663 2147 l.
692 2114 753 2147 ΙΙΙ.
780 2124 809 2148 c,
841 2122 869 2154 5.
900 2113 983 2147 dub.
1013 2124 1056 2158 3.:
1086 2112 1260 2146 «Divisio
1287 2124 1406 2147 rerum
1436 2115 1470 2147 in
1495 2125 1555 2160 ge—

118 2182 200 2206 nere
227 2182 279 2207 est
307 2173 392 2207 iuris
420 2173 601 2217 gentium,
623 2184 696 2206 non
716 2180 837 2206 autem
866 2172 972 2206 huius
994 2172 1049 2206 vel
1077 2171 1172 2206 illius
1192 2173 1240 2206 rei
1266 2172 1374 2206 variis
1392 2173 1556 2218 personis

116 2231 399 2277 particularibus
429 2231 520 2267 facta
548 2232 785 2266 attributio.»
806 2252 845 2256 -
868 2231 1013 2266 Scilicet
1033 2231 1144 2277 quod,
1165 2232 1201 2264 in
1219 2242 1336 2277 genere
1355 2231 1554 2278 loquendo,

112 2304 192 2328 non
226 2294 352 2327 omnia
380 2293 450 2327 sint
477 2293 650 2327 omnibus
677 2292 900 2334 communia,
929 2291 992 2326 sed
1021 2293 1111 2328 alius
1137 2293 1212 2327 sive
1237 2292 1352 2327 homo
1392 2293 1465 2328 sive
1499 2293 1556 2328 fa-

130 2353 230 2389 milia
258 2364 368 2387 unam
396 2364 471 2387 rem
502 2353 692 2398 pessideat,
718 2353 810 2387 alius
836 2363 922 2386 vero
954 2351 1076 2394 aliam,
1105 2351 1176 2387 hoc
1204 2363 1291 2387 sane
1330 2361 1383 2387 est
1421 2353 1556 2387 imme-

128 2412 223 2448 diate
250 2414 293 2447 ab
313 2413 389 2458 ipsa
410 2421 549 2453 natura,
579 2411 650 2445 lioc
678 2422 766 2445 sane
792 2420 845 2446 est
871 2411 914 2445 de
934 2411 1016 2456 ipso
1043 2412 1118 2445 iure
1144 2411 1298 2446 naturali
1324 2423 1386 2446 seu
1413 2411 1457 2446 de
1482 2412 1556 2446 iure

129 2473 281 2518 gentium
309 2471 411 2516 (vide
438 2483 490 2513 ea,
518 2482 609 2517 quae
628 2472 673 2506 de
698 2469 768 2505 hoc
788 2469 958 2517 loquendi
977 2471 1090 2506 modo
1111 2470 1264 2506 diximus
1282 2471 1355 2506 vol.
1378 2482 1406 2506 1.
1425 2483 1458 2516 p.
1479 2471 1556 2506 281.

118 2532 245 2567 adnot.
279 2532 324 2578 ι.)
364 2532 477 2575 Quod
504 2541 641 2573 autem,
670 2531 858 2577 loquendo
886 2533 921 2565 in
947 2532 1064 2578 specie,
1093 2530 1150 2565 hic
1179 2543 1265 2578 ager
1293 2531 1338 2566 sit
1368 2541 1461 2572 tuus,
1495 2531 1556 2566 ille

118 2591 208 2626 alter
234 2593 280 2626 sit
311 2603 428 2634 meus,
455 2592 543 2626 haec
570 2591 703 2626 domus
729 2591 818 2626 mihi
846 2592 891 2626 sit
919 2591 1074 2637 propria,
1100 2590 1162 2625 illa
1189 2602 1276 2626 vero
1304 2590 1348 2624 ad
1378 2601 1413 2626 te
1439 2590 1554 2637 perti-
