1737 2802
653 123 890 176 -55-

178 213 288 258 Illud
320 223 492 272 quoque
526 229 580 258 ex
612 215 698 256 iam
721 214 842 257 dictis
868 212 1160 272 consequitur,
1181 216 1378 259 iniuriam
1391 216 1493 274 for-

61 286 220 330 maliter
251 301 298 330 ac
324 278 485 344 proprie
519 301 598 329 non
620 295 731 344 posse
765 287 927 344 anferre
963 287 1040 330 ins.
1077 313 1129 318 —
1166 288 1351 331 Eatenus
1375 290 1490 332 enim

64 370 212 416 posset
235 357 338 401 illud
357 357 542 411 auferre,
577 370 788 415 quatenus
822 371 968 415 posset
1001 358 1167 401 irritum
1205 358 1382 402 reddere
1419 376 1492 404 ac-

59 441 154 472 tum
187 445 262 473 seu
295 428 494 472 effectum
528 429 649 486 legiS,
669 430 693 472 i.
729 445 763 472 e.
800 442 1054 487 potestatem
1091 429 1491 489 (l'aulorizznzione)

59 517 82 544 a
114 501 208 559 lege
241 500 438 544 collatam
462 500 717 558 disponendi
743 501 793 544 de
817 517 859 544 re
881 501 1031 559 aliqua.
1067 502 1202 558 Atqui
1230 501 1486 545 huiusmodi

60 574 149 615 vim
183 587 270 616 non
306 585 447 630 potest
481 571 634 615 habere
668 573 833 615 iniuria.
869 573 982 629 Ergo
1017 573 1170 615 iniuria
1219 587 1305 615 non
1355 572 1492 617 aufert

60 646 139 689 ius.
175 645 321 697 Quare
357 659 562 700 magnum
598 643 822 686 intercedit
857 644 1089 687 discrimen
1114 645 1392 702 interfnrem,
1412 646 1489 703 qui

61 732 82 759 a
113 717 237 759 Titio
271 715 451 773 subripit
487 728 657 758 centum
691 731 856 764 aureOS,
891 728 932 758 et
967 716 1148 774 indicem,
1173 717 1246 774 qui
1281 717 1487 760 mulctam

60 800 232 830 centum
246 802 475 830 aureorum
490 787 612 829 Titio
633 788 831 845 imponit.
851 788 937 829 Fur
955 788 1070 829 enim
1084 788 1238 830 iniuria
1257 800 1296 830 et
1322 789 1491 832 iniusti-

58 860 129 915 tia,
149 874 278 916 quam
298 871 528 916 perpetrat,
565 857 701 902 aufert
721 858 896 916 quidem
915 875 936 901 a
962 859 1085 902 Titio
1118 872 1289 902 centum
1315 876 1487 914 aureOS,

58 929 223 987 hosque
258 928 487 971 auferendo
526 929 706 986 impedit
740 930 775 972 ei
810 931 1062 972 exercitium
1096 931 1212 984 iuris,
1237 946 1324 974 non
1345 944 1487 975 tamen

61 1000 109 1044 ab
129 1016 181 1044 eo
201 999 334 1043 aufert
352 1001 494 1058 ipsum
516 1001 595 1044 ius:
614 1001 824 1058 siquidem
847 1014 989 1044 manet
1009 1002 1152 1044 Titius
1172 1018 1323 1045 eorum
1341 1003 1488 1046 domi-

55 1089 137 1116 nus
150 1072 550 1128 nummorum,qui,
572 1087 847 1130 quocumque
867 1072 1125 1126 devenerint,
1145 1074 1273 1117 etiam
1288 1076 1330 1118 in
1357 1090 1486 1118 manu

57 1143 177 1201 furis,
209 1143 391 1186 clamant
423 1142 473 1186 ad
507 1142 749 1197 dominum,
785 1145 909 1201 eique
943 1143 1096 1187 debent
1130 1147 1315 1189 restitui.
1351 1146 1486 1190 Iudex

58 1228 199 1259 autem
234 1214 408 1258 decreto
442 1227 482 1256 et
516 1216 738 1266 sententia,
761 1231 889 1272 quam
924 1215 1038 1269 dicit,
1065 1216 1197 1259 simul
1225 1233 1321 1260 cum
1346 1219 1486 1261 aureis

60 1286 170 1330 tollit
202 1302 224 1328 a
258 1286 380 1329 Titio
415 1284 577 1328 nedum
615 1287 868 1328 exercitium
903 1287 1022 1341 iuris,
1055 1287 1129 1330 sed
1165 1300 1205 1330 et
1228 1288 1372 1345 ipsum
1406 1290 1487 1333 ius.

59 1358 264 1404 Obiicies:
299 1372 443 1400 nonne
476 1358 548 1415 qui
583 1372 673 1399 rem
707 1356 880 1400 alterius
935 1358 1126 1413 destruit,
1177 1375 1211 1402 e.
1247 1375 1288 1416 g.
1322 1359 1484 1403 librum

58 1423 287 1485 comburit,
322 1428 456 1472 aufert
488 1430 630 1486 ipsum
666 1430 766 1473 ius?
799 1430 970 1473 Scilicet
1013 1430 1055 1473 id
1089 1430 1216 1474 efficit
1262 1433 1485 1490 improprie

59 1515 99 1545 et
131 1501 176 1545 de
193 1502 461 1559 consequenti,
480 1513 687 1558 quatenus
712 1517 732 1543 e
757 1501 901 1544 medio
926 1501 1034 1544 tollit
1054 1504 1267 1545 materiam
1287 1503 1390 1545 iuris
1409 1502 1484 1561 (eo

58 1586 200 1632 pacto,
226 1589 313 1632 quo
336 1573 381 1616 da
399 1574 650 1630 consequenti
666 1573 969 1616 tantummodo
989 1575 1081 1617 iura
1099 1573 1234 1617 aufert
1255 1565 1485 1630 homicida,

59 1647 133 1704 qui
157 1645 336 1689 emedio
360 1644 471 1688 tollit
490 1645 631 1702 ipsum
651 1644 873 1687 subiectum
892 1646 1083 1702 iurium).
1108 1645 1193 1689 Ubi
1216 1646 1485 1690 animadver-

56 1716 236 1761 tendum
271 1730 349 1773 est,
382 1716 498 1774 quod
546 1717 589 1758 in
633 1731 684 1758 eo
719 1717 847 1758 etiam
871 1732 966 1758 casu
993 1717 1146 1759 iniuria
1170 1732 1257 1760 non
1277 1716 1387 1760 favet
1405 1733 1484 1761 ne-

58 1803 140 1846 que
158 1787 332 1846 prodest
356 1785 680 1830 damnificatori:
701 1786 911 1843 praevalet
930 1788 1045 1830 enim
1070 1786 1153 1840 lex,
1186 1804 1293 1845 quae
1318 1788 1484 1831 damni-

56 1859 275 1903 ficatorem
295 1857 454 1915 obligat
477 1857 527 1901 acl
552 1859 774 1900 materiam
795 1858 1020 1915 identicam,
1044 1859 1078 1901 si
1112 1874 1158 1902 ea
1183 1858 1322 1911 detur,
1359 1859 1482 1903 alteri

57 1930 319 1975 reddendam
353 1943 478 1987 atque
512 1929 563 1973 ad
597 1929 768 1983 damna,
803 1945 910 1988 quae
943 1929 1044 1973 alter
1079 1946 1227 1987 passus
1247 1943 1324 1984 est,
1350 1946 1479 1989 repa-

56 2002 197 2047 tanda.
222 2003 366 2060 Itaque
384 2014 566 2059 quatuor
584 2000 686 2043 haec
710 2013 809 2043 sunt
827 2001 937 2044 inter
956 2018 999 2044 se
1024 2001 1207 2045 diversa:
1234 2001 1285 2060 α)
1302 2002 1481 2060 physice

57 2073 267 2133 impedire
299 2075 534 2117 exercitium
551 2073 670 2129 iuris,
692 2071 749 2131 β)
769 2074 1041 2131 appropriare
1060 2072 1138 2116 sibi
1172 2073 1236 2116 Vel
1255 2074 1382 2116 etiam
1409 2073 1481 2117 de-

59 2157 222 2188 struere
244 2146 463 2188 materiam
481 2144 599 2198 iuris,
613 2144 663 2202 γ)
685 2160 707 2187 e
726 2143 871 2187 medio
904 2143 1054 2187 tollere
1087 2144 1232 2201 ipsum
1265 2143 1484 2188 subiectum

58 2218 178 2271 iuris,
195 2214 243 2276 δ)
275 2216 438 2260 auferre
470 2215 518 2259 ab
561 2215 694 2258 altero
737 2227 777 2258 et
811 2214 890 2258 sibi
935 2214 1127 2259 conferre
1160 2217 1296 2274 ipsum
1309 2215 1482 2273 forma-

59 2288 151 2332 liter
187 2290 264 2331 ius.
299 2288 405 2332 Tria
436 2286 508 2331 illa
539 2287 682 2344 priora
714 2301 789 2344 per
821 2286 910 2329 vim
934 2285 1102 2329 efficere
1135 2287 1290 2330 iniuria
1323 2298 1481 2344 potest,

57 2373 331 2420 postremum
363 2373 451 2403 non
484 2371 626 2418 potest
657 2357 738 2417 (1).

154 2558 206 2603 (1)
233 2557 413 2603 Apposite
440 2555 638 2602 Taparelli,
667 2565 758 2590 corso
786 2554 879 2589 elem.
904 2551 939 2587 di
964 2558 1040 2588 nat.
1064 2551 1130 2594 dir,
1149 2553 1174 2588 l.
1199 2564 1226 2588 1.
1248 2565 1276 2587 c.
1297 2564 1330 2598 3.
1348 2564 1382 2587 n.
1410 2550 1482 2599 69.:

1395 2631 1411 2667 5
