<?xml version="1.0" encoding="UTF-8"?>
<!DOCTYPE html PUBLIC "-//W3C//DTD XHTML 1.0 Transitional//EN"
    "http://www.w3.org/TR/xhtml1/DTD/xhtml1-transitional.dtd">
<html xmlns="http://www.w3.org/1999/xhtml" xml:lang="en" lang="en">
 <head>
  <title>
</title>
<meta http-equiv="Content-Type" content="text/html;charset=utf-8" />
  <meta name='ocr-system' content='tesseract 3.04.00' />
  <meta name='ocr-capabilities' content='ocr_page ocr_carea ocr_par ocr_line ocrx_word'/>
</head>
<body>
  <div class='ocr_page' id='page_1' title='image "./institutionesphi02ferr_0169.png"; bbox 0 0 1737 2802; ppageno 0'>
   <div class='ocr_carea' id='block_1_1' title="bbox 627 92 895 147">
    <p class='ocr_par' dir='ltr' id='par_1_1' title="bbox 627 92 895 147">
     <span class='ocr_line' id='line_1_1' title="bbox 627 92 895 147; baseline 0.004 -23"><span class='ocrx_word' id='word_1_1' title='bbox 627 92 895 147; x_wconf 57' lang='lat'>„153-</span> 
     </span>
    </p>
   </div>
   <div class='ocr_carea' id='block_1_2' title="bbox 32 183 1470 1738">
    <p class='ocr_par' dir='ltr' id='par_1_2' title="bbox 35 183 1469 316">
     <span class='ocr_line' id='line_1_2' title="bbox 35 183 1469 244; baseline 0.001 -15"><span class='ocrx_word' id='word_1_2' title='bbox 35 185 192 244; x_wconf 27' lang='lat' dir='ltr'><strong>‘divina</strong></span> <span class='ocrx_word' id='word_1_3' title='bbox 222 210 283 217; x_wconf 90' lang='lat'>—</span> <span class='ocrx_word' id='word_1_4' title='bbox 315 183 396 243; x_wconf 80' lang='lat'><strong>3⁰.)</strong></span> <span class='ocrx_word' id='word_1_5' title='bbox 427 183 531 242; x_wconf 86' lang='lat' dir='ltr'><strong>quid</strong></span> <span class='ocrx_word' id='word_1_6' title='bbox 563 185 618 228; x_wconf 92' lang='lat' dir='ltr'><strong>sit</strong></span> <span class='ocrx_word' id='word_1_7' title='bbox 640 185 840 229; x_wconf 82' lang='lat' dir='ltr'>revelatio</span> <span class='ocrx_word' id='word_1_8' title='bbox 874 185 1018 229; x_wconf 89' lang='lat' dir='ltr'><strong>divina</strong></span> <span class='ocrx_word' id='word_1_9' title='bbox 1048 186 1379 244; x_wconf 77' lang='lat' dir='ltr'><strong>supernaturalis</strong></span> <span class='ocrx_word' id='word_1_10' title='bbox 1411 212 1469 221; x_wconf 94' lang='lat'><em>-</em></span> 
     </span>
     <span class='ocr_line' id='line_1_3' title="bbox 43 255 1156 316; baseline 0 -16"><span class='ocrx_word' id='word_1_11' title='bbox 43 256 133 316; x_wconf 87' lang='lat'><strong>4⁰.)</strong></span> <span class='ocrx_word' id='word_1_12' title='bbox 164 255 268 315; x_wconf 91' lang='lat' dir='ltr'><strong>quid</strong></span> <span class='ocrx_word' id='word_1_13' title='bbox 300 256 503 299; x_wconf 85' lang='lat' dir='ltr'>revelatio</span> <span class='ocrx_word' id='word_1_14' title='bbox 535 257 870 315; x_wconf 87' lang='lat' dir='ltr'><strong>supernaturalis</strong></span> <span class='ocrx_word' id='word_1_15' title='bbox 903 256 1156 300; x_wconf 78' lang='lat' dir='ltr'><strong>immediata.</strong></span> 
     </span>
    </p>

    <p class='ocr_par' dir='ltr' id='par_1_3' title="bbox 32 326 1470 742">
     <span class='ocr_line' id='line_1_4' title="bbox 173 326 1465 386; baseline 0.002 -16"><span class='ocrx_word' id='word_1_16' title='bbox 173 327 251 386; x_wconf 88' lang='lat'><strong>1.⁰)</strong></span> <span class='ocrx_word' id='word_1_17' title='bbox 285 326 499 383; x_wconf 85' lang='lat' dir='ltr'><strong>Revelare,</strong></span> <span class='ocrx_word' id='word_1_18' title='bbox 531 328 646 371; x_wconf 89' lang='lat' dir='ltr'><strong>iuxta</strong></span> <span class='ocrx_word' id='word_1_19' title='bbox 677 329 795 372; x_wconf 89' lang='lat' dir='ltr'><strong>vocis</strong></span> <span class='ocrx_word' id='word_1_20' title='bbox 829 341 1023 386; x_wconf 88' lang='lat' dir='ltr'><strong>etymon,</strong></span> <span class='ocrx_word' id='word_1_21' title='bbox 1047 340 1110 371; x_wconf 91' lang='lat' dir='ltr'><strong>est</strong></span> <span class='ocrx_word' id='word_1_22' title='bbox 1143 343 1368 372; x_wconf 86' lang='lat' dir='ltr'><strong>removere</strong></span> <span class='ocrx_word' id='word_1_23' title='bbox 1395 346 1465 372; x_wconf 87' lang='lat' dir='ltr'><strong>ve-</strong></span> 
     </span>
     <span class='ocr_line' id='line_1_5' title="bbox 45 397 1469 456; baseline 0.001 -15"><span class='ocrx_word' id='word_1_24' title='bbox 45 397 157 450; x_wconf 88' lang='lat' dir='ltr'><strong>lum,</strong></span> <span class='ocrx_word' id='word_1_25' title='bbox 191 413 279 456; x_wconf 93' lang='lat' dir='ltr'><strong>quo</strong></span> <span class='ocrx_word' id='word_1_26' title='bbox 313 414 379 442; x_wconf 85' lang='lat' dir='ltr'><strong>res</strong></span> <span class='ocrx_word' id='word_1_27' title='bbox 426 397 564 456; x_wconf 87' lang='lat' dir='ltr'><strong>aliqua</strong></span> <span class='ocrx_word' id='word_1_28' title='bbox 613 398 921 452; x_wconf 79' lang='lat' dir='ltr'>occultabatur,</span> <span class='ocrx_word' id='word_1_29' title='bbox 956 399 1102 456; x_wconf 89' lang='lat' dir='ltr'><strong>sicque</strong></span> <span class='ocrx_word' id='word_1_30' title='bbox 1148 398 1331 442; x_wconf 80' lang='lat' dir='ltr'><strong>reddere</strong></span> <span class='ocrx_word' id='word_1_31' title='bbox 1381 415 1469 442; x_wconf 91' lang='lat' dir='ltr'><strong>rem</strong></span> 
     </span>
     <span class='ocr_line' id='line_1_6' title="bbox 32 467 1470 530; baseline 0.003 -20"><span class='ocrx_word' id='word_1_32' title='bbox 32 467 165 530; x_wconf 18' lang='lat' dir='ltr'><strong>*illam</strong></span> <span class='ocrx_word' id='word_1_33' title='bbox 197 484 248 512; x_wconf 88' lang='lat' dir='ltr'><strong>ex</strong></span> <span class='ocrx_word' id='word_1_34' title='bbox 295 468 458 512; x_wconf 90' lang='lat' dir='ltr'><strong>occulta</strong></span> <span class='ocrx_word' id='word_1_35' title='bbox 507 468 776 512; x_wconf 80' lang='lat' dir='ltr'><strong>manifestam</strong></span> <span class='ocrx_word' id='word_1_36' title='bbox 810 471 884 526; x_wconf 92' lang='lat'><strong>(1).</strong></span> <span class='ocrx_word' id='word_1_37' title='bbox 921 495 973 501; x_wconf 83' lang='lat'><strong>——</strong></span> <span class='ocrx_word' id='word_1_38' title='bbox 1009 469 1122 513; x_wconf 90' lang='lat' dir='ltr'><strong>Hinc</strong></span> <span class='ocrx_word' id='word_1_39' title='bbox 1170 482 1313 512; x_wconf 89' lang='lat' dir='ltr'><strong>autem</strong></span> <span class='ocrx_word' id='word_1_40' title='bbox 1362 469 1470 515; x_wconf 85' lang='lat' dir='ltr'><strong>clare</strong></span> 
     </span>
     <span class='ocr_line' id='line_1_7' title="bbox 41 539 1467 598; baseline 0.001 -15"><span class='ocrx_word' id='word_1_41' title='bbox 41 551 176 596; x_wconf 84' lang='lat' dir='ltr'><strong>patet,</strong></span> <span class='ocrx_word' id='word_1_42' title='bbox 208 539 411 598; x_wconf 83' lang='lat' dir='ltr'><strong>quidnam</strong></span> <span class='ocrx_word' id='word_1_43' title='bbox 445 543 489 583; x_wconf 89' lang='lat' dir='ltr'><strong>in</strong></span> <span class='ocrx_word' id='word_1_44' title='bbox 521 552 611 583; x_wconf 87' lang='lat' dir='ltr'><strong>tota</strong></span> <span class='ocrx_word' id='word_1_45' title='bbox 652 539 730 583; x_wconf 87' lang='lat' dir='ltr'><strong>hac</strong></span> <span class='ocrx_word' id='word_1_46' title='bbox 762 542 883 583; x_wconf 88' lang='lat' dir='ltr'><strong>tertia</strong></span> <span class='ocrx_word' id='word_1_47' title='bbox 917 539 1182 598; x_wconf 77' lang='lat' dir='ltr'>paragrapho</span> <span class='ocrx_word' id='word_1_48' title='bbox 1213 541 1356 583; x_wconf 86' lang='lat' dir='ltr'><strong>veniat</strong></span> <span class='ocrx_word' id='word_1_49' title='bbox 1390 556 1467 584; x_wconf 89' lang='lat' dir='ltr'><strong>no-</strong></span> 
     </span>
     <span class='ocr_line' id='line_1_8' title="bbox 44 611 1470 670; baseline 0.001 -17"><span class='ocrx_word' id='word_1_50' title='bbox 44 611 165 655; x_wconf 90' lang='lat' dir='ltr'><strong>mine</strong></span> <span class='ocrx_word' id='word_1_51' title='bbox 197 611 464 655; x_wconf 81' lang='lat' dir='ltr'><strong>revelationis.</strong></span> <span class='ocrx_word' id='word_1_52' title='bbox 498 613 595 655; x_wconf 95' lang='lat' dir='ltr'><strong>Hoc</strong></span> <span class='ocrx_word' id='word_1_53' title='bbox 628 611 786 655; x_wconf 88' lang='lat' dir='ltr'><strong>scilicet</strong></span> <span class='ocrx_word' id='word_1_54' title='bbox 818 613 995 654; x_wconf 91' lang='lat' dir='ltr'><strong>nomine</strong></span> <span class='ocrx_word' id='word_1_55' title='bbox 1028 613 1159 668; x_wconf 87' lang='lat' dir='ltr'><strong>venit,</strong></span> <span class='ocrx_word' id='word_1_56' title='bbox 1193 612 1470 670; x_wconf 76' lang='lat' dir='ltr'><strong>manifestatio</strong></span> 
     </span>
     <span class='ocr_line' id='line_1_9' title="bbox 41 683 1129 742; baseline 0.001 -16"><span class='ocrx_word' id='word_1_57' title='bbox 41 683 171 727; x_wconf 75' lang='lat' dir='ltr'><strong>alicui</strong></span> <span class='ocrx_word' id='word_1_58' title='bbox 193 683 310 742; x_wconf 81' lang='lat' dir='ltr'><strong>facta</strong></span> <span class='ocrx_word' id='word_1_59' title='bbox 342 686 527 727; x_wconf 73' lang='lat' dir='ltr'><strong>veritatis</strong></span> <span class='ocrx_word' id='word_1_60' title='bbox 560 685 594 726; x_wconf 82' lang='lat' dir='ltr'><strong>ei</strong></span> <span class='ocrx_word' id='word_1_61' title='bbox 626 684 761 742; x_wconf 80' lang='lat' dir='ltr'><strong>aliquo</strong></span> <span class='ocrx_word' id='word_1_62' title='bbox 796 683 910 726; x_wconf 81' lang='lat' dir='ltr'><strong>modo</strong></span> <span class='ocrx_word' id='word_1_63' title='bbox 943 684 1129 727; x_wconf 74' lang='lat' dir='ltr'><em>occultae.</em></span> 
     </span>
    </p>

    <p class='ocr_par' dir='ltr' id='par_1_4' title="bbox 41 753 1470 1168">
     <span class='ocr_line' id='line_1_10' title="bbox 168 753 1470 813; baseline 0 -14"><span class='ocrx_word' id='word_1_64' title='bbox 168 755 249 813; x_wconf 85' lang='lat'><strong>2⁰.)</strong></span> <span class='ocrx_word' id='word_1_65' title='bbox 282 756 399 798; x_wconf 86' lang='lat' dir='ltr'><strong>Haec</strong></span> <span class='ocrx_word' id='word_1_66' title='bbox 432 770 563 813; x_wconf 90' lang='lat' dir='ltr'><strong>porro</strong></span> <span class='ocrx_word' id='word_1_67' title='bbox 599 753 907 808; x_wconf 86' lang='lat' dir='ltr'><strong>manifestatio,</strong></span> <span class='ocrx_word' id='word_1_68' title='bbox 941 755 1311 812; x_wconf 83' lang='lat' dir='ltr'><strong>quemadmodum</strong></span> <span class='ocrx_word' id='word_1_69' title='bbox 1346 771 1470 813; x_wconf 86' lang='lat' dir='ltr'><strong>saepe</strong></span> 
     </span>
     <span class='ocr_line' id='line_1_11' title="bbox 42 824 1467 884; baseline 0.001 -16"><span class='ocrx_word' id='word_1_70' title='bbox 42 824 93 868; x_wconf 87' lang='lat' dir='ltr'><strong>fit</strong></span> <span class='ocrx_word' id='word_1_71' title='bbox 124 826 176 869; x_wconf 86' lang='lat' dir='ltr'><strong>ab</strong></span> <span class='ocrx_word' id='word_1_72' title='bbox 207 827 376 883; x_wconf 80' lang='lat' dir='ltr'><strong>homine,</strong></span> <span class='ocrx_word' id='word_1_73' title='bbox 409 827 464 869; x_wconf 89' lang='lat' dir='ltr'><strong>ita</strong></span> <span class='ocrx_word' id='word_1_74' title='bbox 499 827 667 884; x_wconf 81' lang='lat' dir='ltr'>concipi</span> <span class='ocrx_word' id='word_1_75' title='bbox 699 839 857 883; x_wconf 86' lang='lat' dir='ltr'><strong>potest,</strong></span> <span class='ocrx_word' id='word_1_76' title='bbox 892 825 1009 884; x_wconf 90' lang='lat' dir='ltr'><strong>quod</strong></span> <span class='ocrx_word' id='word_1_77' title='bbox 1039 826 1093 869; x_wconf 82' lang='lat' dir='ltr'><strong>ab</strong></span> <span class='ocrx_word' id='word_1_78' title='bbox 1126 827 1210 884; x_wconf 80' lang='lat' dir='ltr'><strong>ipso</strong></span> <span class='ocrx_word' id='word_1_79' title='bbox 1256 828 1341 870; x_wconf 76' lang='lat' dir='ltr'><strong>Deo</strong></span> <span class='ocrx_word' id='word_1_80' title='bbox 1385 825 1467 870; x_wconf 86' lang='lat' dir='ltr'><strong>fiat.</strong></span> 
     </span>
     <span class='ocr_line' id='line_1_12' title="bbox 44 896 1469 955; baseline -0.001 -15"><span class='ocrx_word' id='word_1_81' title='bbox 44 921 104 930; x_wconf 89' lang='lat'><strong>—-</strong></span> <span class='ocrx_word' id='word_1_82' title='bbox 136 897 250 940; x_wconf 84' lang='lat' dir='ltr'><strong>Hinc</strong></span> <span class='ocrx_word' id='word_1_83' title='bbox 281 909 421 943; x_wconf 83' lang='lat' dir='ltr'><strong>autem</strong></span> <span class='ocrx_word' id='word_1_84' title='bbox 456 897 591 955; x_wconf 89' lang='lat' dir='ltr'><strong>liquet</strong></span> <span class='ocrx_word' id='word_1_85' title='bbox 624 896 893 940; x_wconf 85' lang='lat' dir='ltr'><strong>revelationis</strong></span> <span class='ocrx_word' id='word_1_86' title='bbox 918 896 1072 940; x_wconf 82' lang='lat' dir='ltr'><strong>divisio</strong></span> <span class='ocrx_word' id='word_1_87' title='bbox 1106 898 1147 940; x_wconf 91' lang='lat' dir='ltr'><strong>in</strong></span> <span class='ocrx_word' id='word_1_88' title='bbox 1180 898 1404 940; x_wconf 76' lang='lat' dir='ltr'><strong>humanam</strong></span> <span class='ocrx_word' id='word_1_89' title='bbox 1427 909 1469 940; x_wconf 92' lang='lat' dir='ltr'><strong>et</strong></span> 
     </span>
     <span class='ocr_line' id='line_1_13' title="bbox 41 967 1468 1025; baseline 0.001 -15"><span class='ocrx_word' id='word_1_90' title='bbox 41 967 254 1020; x_wconf 83' lang='lat' dir='ltr'><strong>divinam,</strong></span> <span class='ocrx_word' id='word_1_91' title='bbox 288 980 419 1025; x_wconf 89' lang='lat' dir='ltr'><strong>prout</strong></span> <span class='ocrx_word' id='word_1_92' title='bbox 450 969 539 1011; x_wconf 84' lang='lat' dir='ltr'><strong>veri</strong></span> <span class='ocrx_word' id='word_1_93' title='bbox 574 967 862 1011; x_wconf 85' lang='lat' dir='ltr'><strong>manifestatio</strong></span> <span class='ocrx_word' id='word_1_94' title='bbox 897 968 945 1011; x_wconf 90' lang='lat' dir='ltr'><strong>ab</strong></span> <span class='ocrx_word' id='word_1_95' title='bbox 993 967 1170 1012; x_wconf 91' lang='lat' dir='ltr'><strong>homine</strong></span> <span class='ocrx_word' id='word_1_96' title='bbox 1212 967 1272 1021; x_wconf 89' lang='lat' dir='ltr'><strong>fit,</strong></span> <span class='ocrx_word' id='word_1_97' title='bbox 1306 967 1372 1011; x_wconf 88' lang='lat' dir='ltr'><strong>vel</strong></span> <span class='ocrx_word' id='word_1_98' title='bbox 1419 967 1468 1011; x_wconf 85' lang='lat' dir='ltr'><strong>ab</strong></span> 
     </span>
     <span class='ocr_line' id='line_1_14' title="bbox 44 1038 1468 1097; baseline 0 -15"><span class='ocrx_word' id='word_1_99' title='bbox 44 1039 141 1097; x_wconf 90' lang='lat' dir='ltr'><strong>ipso</strong></span> <span class='ocrx_word' id='word_1_100' title='bbox 174 1039 283 1082; x_wconf 88' lang='lat' dir='ltr'><strong>Deo.</strong></span> <span class='ocrx_word' id='word_1_101' title='bbox 320 1039 467 1092; x_wconf 85' lang='lat' dir='ltr'><strong>Quare</strong></span> <span class='ocrx_word' id='word_1_102' title='bbox 500 1039 701 1082; x_wconf 82' lang='lat' dir='ltr'><strong>revelatio</strong></span> <span class='ocrx_word' id='word_1_103' title='bbox 735 1039 879 1082; x_wconf 80' lang='lat' dir='ltr'><strong>divina</strong></span> <span class='ocrx_word' id='word_1_104' title='bbox 914 1038 1019 1081; x_wconf 88' lang='lat' dir='ltr'><strong>nihil</strong></span> <span class='ocrx_word' id='word_1_105' title='bbox 1066 1052 1128 1082; x_wconf 87' lang='lat' dir='ltr'><strong>est</strong></span> <span class='ocrx_word' id='word_1_106' title='bbox 1175 1038 1305 1095; x_wconf 87' lang='lat' dir='ltr'><strong>aliud,</strong></span> <span class='ocrx_word' id='word_1_107' title='bbox 1339 1055 1468 1097; x_wconf 86' lang='lat' dir='ltr'><strong>quam</strong></span> 
     </span>
     <span class='ocr_line' id='line_1_15' title="bbox 43 1101 1408 1168; baseline -0.001 -15"><span class='ocrx_word' id='word_1_108' title='bbox 43 1110 322 1168; x_wconf 61' lang='lat' dir='ltr'><strong>manifestata)</strong></span> <span class='ocrx_word' id='word_1_109' title='bbox 356 1112 544 1154; x_wconf 77' lang='lat' dir='ltr'><strong>veritatis</strong></span> <span class='ocrx_word' id='word_1_110' title='bbox 578 1110 628 1153; x_wconf 82' lang='lat' dir='ltr'><strong>ab</strong></span> <span class='ocrx_word' id='word_1_111' title='bbox 662 1112 744 1168; x_wconf 81' lang='lat' dir='ltr'><strong>ipso</strong></span> <span class='ocrx_word' id='word_1_112' title='bbox 774 1111 859 1153; x_wconf 67' lang='lat' dir='ltr'><strong>Deo</strong></span> <span class='ocrx_word' id='word_1_113' title='bbox 894 1112 1018 1152; x_wconf 70' lang='lat' dir='ltr'><strong>menti</strong></span> <span class='ocrx_word' id='word_1_114' title='bbox 1049 1101 1250 1153; x_wconf 74' lang='lat' dir='ltr'><strong>hnmanae</strong></span> <span class='ocrx_word' id='word_1_115' title='bbox 1275 1110 1408 1167; x_wconf 79' lang='lat' dir='ltr'><strong>facta.</strong></span> 
     </span>
    </p>

    <p class='ocr_par' dir='ltr' id='par_1_5' title="bbox 37 1181 1467 1738">
     <span class='ocr_line' id='line_1_16' title="bbox 166 1181 1465 1240; baseline 0.001 -17"><span class='ocrx_word' id='word_1_116' title='bbox 166 1183 241 1238; x_wconf 82' lang='lat'><strong>3⁰.)</strong></span> <span class='ocrx_word' id='word_1_117' title='bbox 274 1183 393 1224; x_wconf 78' lang='lat' dir='ltr'><strong>Deus</strong></span> <span class='ocrx_word' id='word_1_118' title='bbox 427 1181 712 1240; x_wconf 81' lang='lat' dir='ltr'><strong>proculdubio</strong></span> <span class='ocrx_word' id='word_1_119' title='bbox 746 1182 942 1224; x_wconf 80' lang='lat' dir='ltr'><strong>veritates</strong></span> <span class='ocrx_word' id='word_1_120' title='bbox 992 1182 1225 1224; x_wconf 87' lang='lat' dir='ltr'><strong>intellectui</strong></span> <span class='ocrx_word' id='word_1_121' title='bbox 1274 1181 1465 1224; x_wconf 88' lang='lat' dir='ltr'><strong>humano</strong></span> 
     </span>
     <span class='ocr_line' id='line_1_17' title="bbox 41 1253 1467 1312; baseline -0.001 -16"><span class='ocrx_word' id='word_1_122' title='bbox 41 1253 287 1297; x_wconf 88' lang='lat' dir='ltr'><strong>manifestat</strong></span> <span class='ocrx_word' id='word_1_123' title='bbox 317 1264 388 1312; x_wconf 79' lang='lat' dir='ltr'><strong>per</strong></span> <span class='ocrx_word' id='word_1_124' title='bbox 421 1264 544 1312; x_wconf 80' lang='lat' dir='ltr'><strong>opera</strong></span> <span class='ocrx_word' id='word_1_125' title='bbox 576 1263 767 1307; x_wconf 62' lang='lat' dir='ltr'><strong>nar-crae,</strong></span> <span class='ocrx_word' id='word_1_126' title='bbox 801 1255 843 1296; x_wconf 91' lang='lat' dir='ltr'><strong>in</strong></span> <span class='ocrx_word' id='word_1_127' title='bbox 878 1253 1031 1311; x_wconf 89' lang='lat' dir='ltr'><strong>quibus</strong></span> <span class='ocrx_word' id='word_1_128' title='bbox 1055 1253 1213 1296; x_wconf 88' lang='lat' dir='ltr'><strong>scilicet</strong></span> <span class='ocrx_word' id='word_1_129' title='bbox 1246 1266 1467 1310; x_wconf 84' lang='lat' dir='ltr'><strong>tamquam</strong></span> 
     </span>
     <span class='ocr_line' id='line_1_18' title="bbox 42 1324 1467 1382; baseline -0.001 -15"><span class='ocrx_word' id='word_1_130' title='bbox 42 1325 86 1367; x_wconf 91' lang='lat' dir='ltr'><strong>in</strong></span> <span class='ocrx_word' id='word_1_131' title='bbox 120 1324 302 1382; x_wconf 81' lang='lat' dir='ltr'><strong>speculis</strong></span> <span class='ocrx_word' id='word_1_132' title='bbox 336 1324 520 1367; x_wconf 86' lang='lat' dir='ltr'><strong>infinitas</strong></span> <span class='ocrx_word' id='word_1_133' title='bbox 555 1340 651 1367; x_wconf 87' lang='lat' dir='ltr'><strong>suas</strong></span> <span class='ocrx_word' id='word_1_134' title='bbox 685 1324 969 1381; x_wconf 82' lang='lat' dir='ltr'><strong>perfectiones</strong></span> <span class='ocrx_word' id='word_1_135' title='bbox 1004 1324 1286 1382; x_wconf 86' lang='lat' dir='ltr'><strong>inspiciendas</strong></span> <span class='ocrx_word' id='word_1_136' title='bbox 1321 1326 1357 1366; x_wconf 90' lang='lat' dir='ltr'><strong>ei</strong></span> <span class='ocrx_word' id='word_1_137' title='bbox 1392 1340 1467 1367; x_wconf 87' lang='lat' dir='ltr'><strong>ex-</strong></span> 
     </span>
     <span class='ocr_line' id='line_1_19' title="bbox 44 1395 1465 1454; baseline 0.001 -17"><span class='ocrx_word' id='word_1_138' title='bbox 44 1395 176 1440; x_wconf 89' lang='lat' dir='ltr'><strong>hibet.</strong></span> <span class='ocrx_word' id='word_1_139' title='bbox 208 1397 372 1439; x_wconf 85' lang='lat' dir='ltr'><strong>Verum</strong></span> <span class='ocrx_word' id='word_1_140' title='bbox 406 1395 512 1439; x_wconf 91' lang='lat' dir='ltr'><strong>alius</strong></span> <span class='ocrx_word' id='word_1_141' title='bbox 547 1397 714 1453; x_wconf 90' lang='lat' dir='ltr'><strong>concipi</strong></span> <span class='ocrx_word' id='word_1_142' title='bbox 749 1409 905 1453; x_wconf 85' lang='lat' dir='ltr'><strong>potest,</strong></span> <span class='ocrx_word' id='word_1_143' title='bbox 929 1397 1050 1454; x_wconf 89' lang='lat' dir='ltr'><strong>isque</strong></span> <span class='ocrx_word' id='word_1_144' title='bbox 1085 1396 1226 1438; x_wconf 88' lang='lat' dir='ltr'><strong>multo</strong></span> <span class='ocrx_word' id='word_1_145' title='bbox 1252 1409 1465 1453; x_wconf 84' lang='lat' dir='ltr'><strong>praestan-</strong></span> 
     </span>
     <span class='ocr_line' id='line_1_20' title="bbox 47 1466 1461 1525; baseline 0 -15"><span class='ocrx_word' id='word_1_146' title='bbox 47 1468 150 1523; x_wconf 83' lang='lat' dir='ltr'><strong>tior,</strong></span> <span class='ocrx_word' id='word_1_147' title='bbox 185 1467 358 1524; x_wconf 82' lang='lat' dir='ltr'><strong>modus,</strong></span> <span class='ocrx_word' id='word_1_148' title='bbox 391 1483 478 1525; x_wconf 91' lang='lat' dir='ltr'><strong>quo</strong></span> <span class='ocrx_word' id='word_1_149' title='bbox 513 1468 632 1510; x_wconf 90' lang='lat' dir='ltr'><strong>Deus</strong></span> <span class='ocrx_word' id='word_1_150' title='bbox 667 1469 799 1510; x_wconf 88' lang='lat' dir='ltr'><strong>menti</strong></span> <span class='ocrx_word' id='word_1_151' title='bbox 835 1467 1045 1510; x_wconf 84' lang='lat' dir='ltr'><strong>humanae</strong></span> <span class='ocrx_word' id='word_1_152' title='bbox 1077 1469 1274 1510; x_wconf 81' lang='lat' dir='ltr'><strong>veritates</strong></span> <span class='ocrx_word' id='word_1_153' title='bbox 1309 1466 1461 1525; x_wconf 87' lang='lat' dir='ltr'><strong>patefa-</strong></span> 
     </span>
     <span class='ocr_line' id='line_1_21' title="bbox 42 1538 1464 1597; baseline 0 -16"><span class='ocrx_word' id='word_1_154' title='bbox 42 1539 141 1591; x_wconf 87' lang='lat' dir='ltr'><strong>ciat,</strong></span> <span class='ocrx_word' id='word_1_155' title='bbox 175 1555 331 1597; x_wconf 86' lang='lat' dir='ltr'><strong>nempe</strong></span> <span class='ocrx_word' id='word_1_156' title='bbox 358 1548 431 1597; x_wconf 76' lang='lat' dir='ltr'><strong>per</strong></span> <span class='ocrx_word' id='word_1_157' title='bbox 453 1539 676 1597; x_wconf 61' lang='lat' dir='ltr'><strong>formalem</strong></span> <span class='ocrx_word' id='word_1_158' title='bbox 709 1539 959 1582; x_wconf 76' lang='lat' dir='ltr'><strong>locutionem.</strong></span> <span class='ocrx_word' id='word_1_159' title='bbox 995 1563 1052 1571; x_wconf 91' lang='lat'><em>-</em></span> <span class='ocrx_word' id='word_1_160' title='bbox 1087 1540 1200 1581; x_wconf 87' lang='lat' dir='ltr'><strong>Hinc</strong></span> <span class='ocrx_word' id='word_1_161' title='bbox 1233 1551 1375 1581; x_wconf 85' lang='lat' dir='ltr'><strong>autem</strong></span> <span class='ocrx_word' id='word_1_162' title='bbox 1408 1538 1464 1581; x_wconf 94' lang='lat' dir='ltr'><strong>li-</strong></span> 
     </span>
     <span class='ocr_line' id='line_1_22' title="bbox 40 1609 1464 1667; baseline 0 -16"><span class='ocrx_word' id='word_1_163' title='bbox 40 1621 146 1667; x_wconf 90' lang='lat' dir='ltr'><strong>quet</strong></span> <span class='ocrx_word' id='word_1_164' title='bbox 180 1609 448 1652; x_wconf 81' lang='lat' dir='ltr'><strong>revelationis</strong></span> <span class='ocrx_word' id='word_1_165' title='bbox 483 1609 650 1652; x_wconf 87' lang='lat' dir='ltr'><strong>divinae</strong></span> <span class='ocrx_word' id='word_1_166' title='bbox 685 1610 854 1666; x_wconf 89' lang='lat' dir='ltr'><strong>partitio</strong></span> <span class='ocrx_word' id='word_1_167' title='bbox 890 1610 931 1651; x_wconf 91' lang='lat' dir='ltr'><strong>in</strong></span> <span class='ocrx_word' id='word_1_168' title='bbox 965 1609 1198 1652; x_wconf 71' lang='lat' dir='ltr'><strong>naturalem</strong></span> <span class='ocrx_word' id='word_1_169' title='bbox 1222 1611 1282 1665; x_wconf 84' lang='lat'><strong>(2)</strong></span> <span class='ocrx_word' id='word_1_170' title='bbox 1317 1622 1357 1652; x_wconf 86' lang='lat' dir='ltr'><strong>et</strong></span> <span class='ocrx_word' id='word_1_171' title='bbox 1389 1609 1464 1652; x_wconf 81' lang='lat' dir='ltr'><strong>su&#39;-</strong></span> 
     </span>
     <span class='ocr_line' id='line_1_23' title="bbox 37 1679 1467 1738; baseline -0.001 -15"><span class='ocrx_word' id='word_1_172' title='bbox 37 1681 365 1738; x_wconf 74' lang='lat' dir='ltr'><strong>pernataralem,</strong></span> <span class='ocrx_word' id='word_1_173' title='bbox 392 1693 519 1738; x_wconf 87' lang='lat' dir='ltr'><strong>prout</strong></span> <span class='ocrx_word' id='word_1_174' title='bbox 551 1681 640 1723; x_wconf 85' lang='lat' dir='ltr'><strong>veri</strong></span> <span class='ocrx_word' id='word_1_175' title='bbox 673 1679 961 1723; x_wconf 80' lang='lat' dir='ltr'><strong>manifestatio</strong></span> <span class='ocrx_word' id='word_1_176' title='bbox 996 1696 1017 1722; x_wconf 86' lang='lat' dir='ltr'><strong>a</strong></span> <span class='ocrx_word' id='word_1_177' title='bbox 1040 1681 1137 1723; x_wconf 90' lang='lat' dir='ltr'><strong>Deo</strong></span> <span class='ocrx_word' id='word_1_178' title='bbox 1171 1679 1217 1722; x_wconf 87' lang='lat' dir='ltr'><strong>fit</strong></span> <span class='ocrx_word' id='word_1_179' title='bbox 1240 1696 1314 1737; x_wconf 86' lang='lat' dir='ltr'><strong>per</strong></span> <span class='ocrx_word' id='word_1_180' title='bbox 1339 1695 1467 1738; x_wconf 87' lang='lat' dir='ltr'><strong>opera</strong></span> 
     </span>
    </p>
   </div>
   <div class='ocr_carea' id='block_1_3' title="bbox 42 1833 292 1840">
    <p class='ocr_par' dir='ltr' id='par_1_6' title="bbox 42 1833 292 1840">
     <span class='ocr_line' id='line_1_24' title="bbox 42 1833 292 1840; baseline 0 962"><span class='ocrx_word' id='word_1_181' title='bbox 42 1833 292 1840; x_wconf 95' lang='lat' dir='ltr'><strong> </strong></span> 
     </span>
    </p>
   </div>
   <div class='ocr_carea' id='block_1_4' title="bbox 37 1899 1475 2602">
    <p class='ocr_par' dir='ltr' id='par_1_7' title="bbox 138 1899 1313 1946">
     <span class='ocr_line' id='line_1_25' title="bbox 138 1899 1313 1946; baseline -0.001 -11"><span class='ocrx_word' id='word_1_182' title='bbox 138 1901 194 1945; x_wconf 90' lang='lat'><strong>(1)</strong></span> <span class='ocrx_word' id='word_1_183' title='bbox 223 1899 279 1935; x_wconf 91' lang='lat' dir='ltr'><strong>Cf.</strong></span> <span class='ocrx_word' id='word_1_184' title='bbox 307 1900 449 1944; x_wconf 81' lang='lat' dir='ltr'><strong>Suarez‚</strong></span> <span class='ocrx_word' id='word_1_185' title='bbox 474 1901 518 1934; x_wconf 88' lang='lat' dir='ltr'><strong>de</strong></span> <span class='ocrx_word' id='word_1_186' title='bbox 545 1900 614 1935; x_wconf 82' lang='lat' dir='ltr'><strong>fide</strong></span> <span class='ocrx_word' id='word_1_187' title='bbox 643 1910 683 1935; x_wconf 90' lang='lat' dir='ltr'><strong>tr.</strong></span> <span class='ocrx_word' id='word_1_188' title='bbox 714 1911 740 1935; x_wconf 88' lang='lat'><strong>1.</strong></span> <span class='ocrx_word' id='word_1_189' title='bbox 768 1900 858 1946; x_wconf 86' lang='lat' dir='ltr'><strong>disp.</strong></span> <span class='ocrx_word' id='word_1_190' title='bbox 886 1900 946 1934; x_wconf 91' lang='lat' dir='ltr'><strong>III.</strong></span> <span class='ocrx_word' id='word_1_191' title='bbox 973 1910 1061 1935; x_wconf 90' lang='lat' dir='ltr'><strong>sect.</strong></span> <span class='ocrx_word' id='word_1_192' title='bbox 1095 1909 1126 1944; x_wconf 81' lang='lat'><strong>3.</strong></span> <span class='ocrx_word' id='word_1_193' title='bbox 1155 1910 1254 1935; x_wconf 85' lang='lat' dir='ltr'><strong>num.</strong></span> <span class='ocrx_word' id='word_1_194' title='bbox 1282 1910 1313 1942; x_wconf 90' lang='lat'><strong>7.</strong></span> 
     </span>
    </p>

    <p class='ocr_par' dir='ltr' id='par_1_8' title="bbox 37 1959 1475 2602">
     <span class='ocr_line' id='line_1_26' title="bbox 136 1959 1468 2006; baseline 0 -12"><span class='ocrx_word' id='word_1_195' title='bbox 136 1962 192 2006; x_wconf 91' lang='lat'><strong>(2)</strong></span> <span class='ocrx_word' id='word_1_196' title='bbox 220 1960 479 1996; x_wconf 85' lang='lat' dir='ltr'><strong>Rationalistae</strong></span> <span class='ocrx_word' id='word_1_197' title='bbox 505 1961 630 1995; x_wconf 82' lang='lat' dir='ltr'><strong>crebro</strong></span> <span class='ocrx_word' id='word_1_198' title='bbox 670 1960 815 2006; x_wconf 84' lang='lat' dir='ltr'><strong>quidem</strong></span> <span class='ocrx_word' id='word_1_199' title='bbox 855 1960 1050 2006; x_wconf 87' lang='lat' dir='ltr'><strong>loquuntur</strong></span> <span class='ocrx_word' id='word_1_200' title='bbox 1089 1961 1132 1994; x_wconf 86' lang='lat' dir='ltr'><strong>de</strong></span> <span class='ocrx_word' id='word_1_201' title='bbox 1172 1960 1291 1994; x_wconf 80' lang='lat' dir='ltr'><strong>divina</strong></span> <span class='ocrx_word' id='word_1_202' title='bbox 1329 1959 1468 1995; x_wconf 85' lang='lat' dir='ltr'><strong>revela-</strong></span> 
     </span>
     <span class='ocr_line' id='line_1_27' title="bbox 38 2019 1466 2066; baseline 0 -12"><span class='ocrx_word' id='word_1_203' title='bbox 38 2019 152 2059; x_wconf 82' lang='lat' dir='ltr'><strong>tione,</strong></span> <span class='ocrx_word' id='word_1_204' title='bbox 178 2020 239 2054; x_wconf 91' lang='lat' dir='ltr'><strong>sed</strong></span> <span class='ocrx_word' id='word_1_205' title='bbox 266 2031 341 2054; x_wconf 91' lang='lat' dir='ltr'><strong>non</strong></span> <span class='ocrx_word' id='word_1_206' title='bbox 367 2019 472 2054; x_wconf 86' lang='lat' dir='ltr'><strong>aliam</strong></span> <span class='ocrx_word' id='word_1_207' title='bbox 499 2019 706 2066; x_wconf 86' lang='lat' dir='ltr'><strong>intelligunt</strong></span> <span class='ocrx_word' id='word_1_208' title='bbox 735 2021 802 2054; x_wconf 90' lang='lat' dir='ltr'><strong>nisi</strong></span> <span class='ocrx_word' id='word_1_209' title='bbox 831 2019 1038 2060; x_wconf 65' lang='lat' dir='ltr'><strong>nasmalem,</strong></span> <span class='ocrx_word' id='word_1_210' title='bbox 1066 2031 1173 2066; x_wconf 82' lang='lat' dir='ltr'><strong>quam</strong></span> <span class='ocrx_word' id='word_1_211' title='bbox 1200 2020 1305 2054; x_wconf 88' lang='lat' dir='ltr'><strong>unice</strong></span> <span class='ocrx_word' id='word_1_212' title='bbox 1335 2019 1466 2054; x_wconf 86' lang='lat' dir='ltr'><strong>admit-</strong></span> 
     </span>
     <span class='ocr_line' id='line_1_28' title="bbox 39 2080 1467 2127; baseline 0 -12"><span class='ocrx_word' id='word_1_213' title='bbox 39 2089 135 2122; x_wconf 89' lang='lat' dir='ltr'><strong>tunt,</strong></span> <span class='ocrx_word' id='word_1_214' title='bbox 163 2080 420 2127; x_wconf 81' lang='lat' dir='ltr'><strong>supernaturali</strong></span> <span class='ocrx_word' id='word_1_215' title='bbox 451 2080 671 2115; x_wconf 84' lang='lat' dir='ltr'><strong>revelatione</strong></span> <span class='ocrx_word' id='word_1_216' title='bbox 699 2082 840 2115; x_wconf 85' lang='lat' dir='ltr'><strong>reiecta.</strong></span> <span class='ocrx_word' id='word_1_217' title='bbox 860 2100 904 2105; x_wconf 91' lang='lat'>-</span> <span class='ocrx_word' id='word_1_218' title='bbox 923 2081 1000 2114; x_wconf 88' lang='lat' dir='ltr'><strong>Nos</strong></span> <span class='ocrx_word' id='word_1_219' title='bbox 1030 2089 1166 2124; x_wconf 80' lang='lat' dir='ltr'><strong>contra,</strong></span> <span class='ocrx_word' id='word_1_220' title='bbox 1194 2089 1334 2125; x_wconf 79' lang='lat' dir='ltr'><strong>praeter</strong></span> <span class='ocrx_word' id='word_1_221' title='bbox 1360 2091 1467 2115; x_wconf 88' lang='lat' dir='ltr'><strong>reve-</strong></span> 
     </span>
     <span class='ocr_line' id='line_1_29' title="bbox 40 2139 1469 2186; baseline 0 -12"><span class='ocrx_word' id='word_1_222' title='bbox 40 2139 218 2175; x_wconf 85' lang='lat' dir='ltr'><strong>lationem</strong></span> <span class='ocrx_word' id='word_1_223' title='bbox 245 2141 457 2182; x_wconf 88' lang='lat' dir='ltr'><strong>naturalem,</strong></span> <span class='ocrx_word' id='word_1_224' title='bbox 475 2139 700 2175; x_wconf 85' lang='lat' dir='ltr'><strong>admittimus</strong></span> <span class='ocrx_word' id='word_1_225' title='bbox 720 2151 860 2186; x_wconf 86' lang='lat' dir='ltr'><strong>quoque</strong></span> <span class='ocrx_word' id='word_1_226' title='bbox 878 2140 1198 2185; x_wconf 84' lang='lat' dir='ltr'><strong>supernaturalem,</strong></span> <span class='ocrx_word' id='word_1_227' title='bbox 1219 2150 1307 2185; x_wconf 80' lang='lat' dir='ltr'><strong>quae</strong></span> <span class='ocrx_word' id='word_1_228' title='bbox 1326 2140 1469 2186; x_wconf 74' lang='lat' dir='ltr'><strong>proprie</strong></span> 
     </span>
     <span class='ocr_line' id='line_1_30' title="bbox 42 2198 1467 2247; baseline 0 -13"><span class='ocrx_word' id='word_1_229' title='bbox 42 2210 97 2235; x_wconf 86' lang='lat' dir='ltr'><strong>est</strong></span> <span class='ocrx_word' id='word_1_230' title='bbox 123 2200 309 2243; x_wconf 69' lang='lat' dir='ltr'><strong>revelatio,</strong></span> <span class='ocrx_word' id='word_1_231' title='bbox 335 2212 496 2247; x_wconf 86' lang='lat' dir='ltr'><strong>quaeque</strong></span> <span class='ocrx_word' id='word_1_232' title='bbox 523 2211 666 2245; x_wconf 86' lang='lat' dir='ltr'><strong>semper</strong></span> <span class='ocrx_word' id='word_1_233' title='bbox 693 2201 914 2246; x_wconf 77' lang='lat' dir='ltr'><strong>intelligitur,</strong></span> <span class='ocrx_word' id='word_1_234' title='bbox 949 2199 1088 2246; x_wconf 81' lang='lat' dir='ltr'><strong>quotics</strong></span> <span class='ocrx_word' id='word_1_235' title='bbox 1115 2201 1183 2233; x_wconf 75' lang='lat' dir='ltr'><strong>sine</strong></span> <span class='ocrx_word' id='word_1_236' title='bbox 1216 2198 1296 2232; x_wconf 74' lang='lat' dir='ltr'><strong>addi</strong></span> <span class='ocrx_word' id='word_1_237' title='bbox 1314 2211 1334 2234; x_wconf 89' lang='lat' dir='ltr'><strong>o</strong></span> <span class='ocrx_word' id='word_1_238' title='bbox 1363 2211 1467 2234; x_wconf 84' lang='lat' dir='ltr'><strong>reve-</strong></span> 
     </span>
     <span class='ocr_line' id='line_1_31' title="bbox 41 2258 1470 2306; baseline 0 -11"><span class='ocrx_word' id='word_1_239' title='bbox 41 2260 131 2295; x_wconf 85' lang='lat' dir='ltr'><strong>latio</strong></span> <span class='ocrx_word' id='word_1_240' title='bbox 160 2260 378 2295; x_wconf 89' lang='lat' dir='ltr'><strong>nominatur.</strong></span> <span class='ocrx_word' id='word_1_241' title='bbox 405 2260 498 2302; x_wconf 85' lang='lat' dir='ltr'><strong>lmo,</strong></span> <span class='ocrx_word' id='word_1_242' title='bbox 528 2271 610 2294; x_wconf 88' lang='lat' dir='ltr'><strong>cum</strong></span> <span class='ocrx_word' id='word_1_243' title='bbox 638 2260 920 2306; x_wconf 82' lang='lat' dir='ltr'><strong>supernaturalis</strong></span> <span class='ocrx_word' id='word_1_244' title='bbox 947 2259 1033 2294; x_wconf 85' lang='lat' dir='ltr'><strong>haec</strong></span> <span class='ocrx_word' id='word_1_245' title='bbox 1073 2258 1245 2293; x_wconf 81' lang='lat' dir='ltr'><strong>revelatio</strong></span> <span class='ocrx_word' id='word_1_246' title='bbox 1274 2259 1403 2305; x_wconf 85' lang='lat' dir='ltr'><strong>possit,</strong></span> <span class='ocrx_word' id='word_1_247' title='bbox 1432 2269 1470 2295; x_wconf 90' lang='lat' dir='ltr'><strong>ut</strong></span> 
     </span>
     <span class='ocr_line' id='line_1_32' title="bbox 40 2318 1469 2365; baseline 0.002 -13"><span class='ocrx_word' id='word_1_248' title='bbox 40 2319 255 2361; x_wconf 80' lang='lat' dir='ltr'><strong>videbimus,</strong></span> <span class='ocrx_word' id='word_1_249' title='bbox 282 2330 346 2365; x_wconf 89' lang='lat' dir='ltr'><strong>pro</strong></span> <span class='ocrx_word' id='word_1_250' title='bbox 365 2319 510 2354; x_wconf 84' lang='lat' dir='ltr'><strong>obiecto</strong></span> <span class='ocrx_word' id='word_1_251' title='bbox 530 2319 662 2353; x_wconf 85' lang='lat' dir='ltr'><strong>habere</strong></span> <span class='ocrx_word' id='word_1_252' title='bbox 690 2328 768 2354; x_wconf 78' lang='lat' dir='ltr'><strong>tun</strong></span> <span class='ocrx_word' id='word_1_253' title='bbox 787 2320 972 2361; x_wconf 69' lang='lat' dir='ltr'><strong>veritates,</strong></span> <span class='ocrx_word' id='word_1_254' title='bbox 994 2330 1083 2365; x_wconf 84' lang='lat' dir='ltr'><strong>quae</strong></span> <span class='ocrx_word' id='word_1_255' title='bbox 1110 2333 1127 2349; x_wconf 72' lang='grc' dir='ltr'><strong>α</strong></span> <span class='ocrx_word' id='word_1_256' title='bbox 1146 2318 1327 2353; x_wconf 87' lang='lat' dir='ltr'><strong>humanae</strong></span> <span class='ocrx_word' id='word_1_257' title='bbox 1355 2322 1469 2356; x_wconf 80' lang='lat' dir='ltr'><strong>menti</strong></span> 
     </span>
     <span class='ocr_line' id='line_1_33' title="bbox 40 2377 1469 2425; baseline -0.001 -13"><span class='ocrx_word' id='word_1_258' title='bbox 40 2389 104 2425; x_wconf 89' lang='lat' dir='ltr'><strong>per</strong></span> <span class='ocrx_word' id='word_1_259' title='bbox 128 2389 164 2412; x_wconf 82' lang='lat' dir='ltr'><strong>se</strong></span> <span class='ocrx_word' id='word_1_260' title='bbox 192 2378 388 2424; x_wconf 79' lang='lat' dir='ltr'><strong>imperviae</strong></span> <span class='ocrx_word' id='word_1_261' title='bbox 414 2388 487 2412; x_wconf 91' lang='lat' dir='ltr'><strong>non</strong></span> <span class='ocrx_word' id='word_1_262' title='bbox 515 2386 646 2421; x_wconf 82' lang='lat' dir='ltr'><strong>sunt,»</strong></span> <span class='ocrx_word' id='word_1_263' title='bbox 672 2387 749 2413; x_wconf 89' lang='lat' dir='ltr'><strong>tum</strong></span> <span class='ocrx_word' id='word_1_264' title='bbox 777 2380 937 2424; x_wconf 62' lang='lat' dir='ltr'><strong>mysteria</strong></span> <span class='ocrx_word' id='word_1_265' title='bbox 956 2389 1018 2413; x_wconf 90' lang='lat' dir='ltr'><strong>seu</strong></span> <span class='ocrx_word' id='word_1_266' title='bbox 1038 2379 1220 2419; x_wconf 74' lang='lat' dir='ltr'><strong>veritates,</strong></span> <span class='ocrx_word' id='word_1_267' title='bbox 1240 2389 1330 2425; x_wconf 85' lang='lat' dir='ltr'><strong>quae</strong></span> <span class='ocrx_word' id='word_1_268' title='bbox 1358 2390 1379 2411; x_wconf 88' lang='lat'>«</span> <span class='ocrx_word' id='word_1_269' title='bbox 1398 2377 1469 2411; x_wconf 89' lang='lat' dir='ltr'><strong>hu-</strong></span> 
     </span>
     <span class='ocr_line' id='line_1_34' title="bbox 39 2437 1475 2484; baseline 0 -12"><span class='ocrx_word' id='word_1_270' title='bbox 39 2450 170 2473; x_wconf 83' lang='lat' dir='ltr'><strong>manae</strong></span> <span class='ocrx_word' id='word_1_271' title='bbox 196 2438 327 2473; x_wconf 88' lang='lat' dir='ltr'><strong>mentis</strong></span> <span class='ocrx_word' id='word_1_272' title='bbox 353 2437 634 2484; x_wconf 84' lang='lat' dir='ltr'><strong>intelligentiam</strong></span> <span class='ocrx_word' id='word_1_273' title='bbox 666 2439 819 2472; x_wconf 87' lang='lat' dir='ltr'><strong>omnino</strong></span> <span class='ocrx_word' id='word_1_274' title='bbox 860 2446 1054 2484; x_wconf 80' lang='lat' dir='ltr'><strong>superant3</strong></span> <span class='ocrx_word' id='word_1_275' title='bbox 1082 2451 1099 2470; x_wconf 92' lang='lat'>»</span> <span class='ocrx_word' id='word_1_276' title='bbox 1135 2437 1264 2472; x_wconf 90' lang='lat' dir='ltr'><strong>harum</strong></span> <span class='ocrx_word' id='word_1_277' title='bbox 1292 2439 1475 2483; x_wconf 84' lang='lat' dir='ltr'><strong>posterio-</strong></span> 
     </span>
     <span class='ocr_line' id='line_1_35' title="bbox 39 2495 1470 2543; baseline 0.001 -13"><span class='ocrx_word' id='word_1_278' title='bbox 39 2508 121 2531; x_wconf 89' lang='lat' dir='ltr'><strong>rum</strong></span> <span class='ocrx_word' id='word_1_279' title='bbox 135 2497 325 2532; x_wconf 87' lang='lat' dir='ltr'><strong>veritatum</strong></span> <span class='ocrx_word' id='word_1_280' title='bbox 345 2495 627 2531; x_wconf 83' lang='lat' dir='ltr'><strong>manifestationi</strong></span> <span class='ocrx_word' id='word_1_281' title='bbox 648 2498 817 2531; x_wconf 85' lang='lat' dir='ltr'><strong>convenit</strong></span> <span class='ocrx_word' id='word_1_282' title='bbox 838 2508 878 2531; x_wconf 83' lang='lat' dir='ltr'><strong>ac</strong></span> <span class='ocrx_word' id='word_1_283' title='bbox 898 2497 1074 2540; x_wconf 82' lang='lat' dir='ltr'><strong>tribuitur,</strong></span> <span class='ocrx_word' id='word_1_284' title='bbox 1095 2508 1191 2531; x_wconf 78' lang='lat' dir='ltr'><strong>sensu</strong></span> <span class='ocrx_word' id='word_1_285' title='bbox 1206 2496 1317 2543; x_wconf 68' lang='lat' dir='ltr'><strong>magis</strong></span> <span class='ocrx_word' id='word_1_286' title='bbox 1332 2496 1470 2538; x_wconf 81' lang='lat' dir='ltr'><strong>stricto,</strong></span> 
     </span>
     <span class='ocr_line' id='line_1_36' title="bbox 37 2555 1323 2602; baseline 0 -12"><span class='ocrx_word' id='word_1_287' title='bbox 37 2555 446 2592; x_wconf 80' lang='lat' dir='ltr'><strong>nomenrevelationis.</strong></span> <span class='ocrx_word' id='word_1_288' title='bbox 474 2555 531 2592; x_wconf 86' lang='lat' dir='ltr'><strong>Cf.</strong></span> <span class='ocrx_word' id='word_1_289' title='bbox 556 2556 778 2601; x_wconf 80' lang='lat' dir='ltr'><strong>Liberatore‚</strong></span> <span class='ocrx_word' id='word_1_290' title='bbox 806 2557 875 2591; x_wconf 91' lang='lat' dir='ltr'><strong>Ius.</strong></span> <span class='ocrx_word' id='word_1_291' title='bbox 903 2566 973 2592; x_wconf 88' lang='lat' dir='ltr'><strong>nat.</strong></span> <span class='ocrx_word' id='word_1_292' title='bbox 1002 2568 1103 2592; x_wconf 88' lang='lat' dir='ltr'><strong>num.</strong></span> <span class='ocrx_word' id='word_1_293' title='bbox 1135 2556 1175 2602; x_wconf 84' lang='lat'><strong>38</strong></span> <span class='ocrx_word' id='word_1_294' title='bbox 1200 2563 1234 2591; x_wconf 66' lang='lat' dir='ltr'><strong>tt</strong></span> <span class='ocrx_word' id='word_1_295' title='bbox 1262 2565 1323 2598; x_wconf 78' lang='lat'><strong>44.</strong></span> 
     </span>
    </p>
   </div>
  </div>
 </body>
</html>
