<?xml version="1.0" encoding="UTF-8"?>
<!DOCTYPE html PUBLIC "-//W3C//DTD XHTML 1.0 Transitional//EN"
    "http://www.w3.org/TR/xhtml1/DTD/xhtml1-transitional.dtd">
<html xmlns="http://www.w3.org/1999/xhtml" xml:lang="en" lang="en">
 <head>
  <title>
</title>
<meta http-equiv="Content-Type" content="text/html;charset=utf-8" />
  <meta name='ocr-system' content='tesseract 3.04.00' />
  <meta name='ocr-capabilities' content='ocr_page ocr_carea ocr_par ocr_line ocrx_word'/>
</head>
<body>
  <div class='ocr_page' id='page_1' title='image "./institutionesphi02ferr_0242.png"; bbox 0 0 1737 2802; ppageno 0'>
   <div class='ocr_carea' id='block_1_1' title="bbox 828 156 1098 200">
    <p class='ocr_par' dir='ltr' id='par_1_1' title="bbox 828 156 1098 200">
     <span class='ocr_line' id='line_1_1' title="bbox 828 156 1098 200; baseline -0.004 -23"><span class='ocrx_word' id='word_1_1' title='bbox 828 156 1098 200; x_wconf 49' lang='lat'>3-230—</span> 
     </span>
    </p>
   </div>
   <div class='ocr_carea' id='block_1_2' title="bbox 250 237 1683 1380">
    <p class='ocr_par' dir='ltr' id='par_1_2' title="bbox 250 237 1683 1380">
     <span class='ocr_line' id='line_1_2' title="bbox 372 237 1679 298; baseline -0.001 -14"><span class='ocrx_word' id='word_1_2' title='bbox 372 240 437 284; x_wconf 86' lang='lat' dir='ltr'>Ad</span> <span class='ocrx_word' id='word_1_3' title='bbox 474 240 577 284; x_wconf 91' lang='lat' dir='ltr'>illud</span> <span class='ocrx_word' id='word_1_4' title='bbox 611 256 730 293; x_wconf 87' lang='lat' dir='ltr'>vero,</span> <span class='ocrx_word' id='word_1_5' title='bbox 766 239 884 298; x_wconf 92' lang='lat' dir='ltr'>quod</span> <span class='ocrx_word' id='word_1_6' title='bbox 916 239 1101 295; x_wconf 85' lang='lat' dir='ltr'>additur,</span> <span class='ocrx_word' id='word_1_7' title='bbox 1137 238 1189 284; x_wconf 86' lang='lat' dir='ltr'>de</span> <span class='ocrx_word' id='word_1_8' title='bbox 1223 237 1450 297; x_wconf 84' lang='lat' dir='ltr'>aliquibus,</span> <span class='ocrx_word' id='word_1_9' title='bbox 1482 239 1555 298; x_wconf 90' lang='lat' dir='ltr'>qui</span> <span class='ocrx_word' id='word_1_10' title='bbox 1590 240 1679 284; x_wconf 54' lang='lat' dir='ltr'>sei*</span> 
     </span>
     <span class='ocr_line' id='line_1_3' title="bbox 253 310 1683 373; baseline -0.001 -16"><span class='ocrx_word' id='word_1_11' title='bbox 253 330 355 373; x_wconf 87' lang='lat' dir='ltr'>psos</span> <span class='ocrx_word' id='word_1_12' title='bbox 391 312 639 357; x_wconf 83' lang='lat' dir='ltr'>occiderunt</span> <span class='ocrx_word' id='word_1_13' title='bbox 673 326 812 370; x_wconf 90' lang='lat' dir='ltr'>neque</span> <span class='ocrx_word' id='word_1_14' title='bbox 846 311 1003 355; x_wconf 86' lang='lat' dir='ltr'>idcirco</span> <span class='ocrx_word' id='word_1_15' title='bbox 1038 311 1426 370; x_wconf 88' lang='lat' dir='ltr'>reprehenduntur,</span> <span class='ocrx_word' id='word_1_16' title='bbox 1460 310 1563 355; x_wconf 84' lang='lat' dir='ltr'>haec</span> <span class='ocrx_word' id='word_1_17' title='bbox 1605 327 1683 356; x_wconf 62' lang='lat' dir='ltr'>ac*</span> 
     </span>
     <span class='ocr_line' id='line_1_4' title="bbox 250 382 1681 444; baseline -0.002 -15"><span class='ocrx_word' id='word_1_18' title='bbox 250 387 345 444; x_wconf 80' lang='lat' dir='ltr'>cipe</span> <span class='ocrx_word' id='word_1_19' title='bbox 379 402 429 428; x_wconf 85' lang='lat' dir='ltr'>ex</span> <span class='ocrx_word' id='word_1_20' title='bbox 464 385 592 429; x_wconf 84' lang='lat' dir='ltr'>Card.</span> <span class='ocrx_word' id='word_1_21' title='bbox 628 384 677 427; x_wconf 91' lang='lat' dir='ltr'>de</span> <span class='ocrx_word' id='word_1_22' title='bbox 711 384 836 440; x_wconf 89' lang='lat' dir='ltr'>Lugo</span> <span class='ocrx_word' id='word_1_23' title='bbox 871 384 944 439; x_wconf 75' lang='lat'>(1):</span> <span class='ocrx_word' id='word_1_24' title='bbox 984 382 1165 441; x_wconf 87' lang='lat' dir='ltr'>«Aliqui</span> <span class='ocrx_word' id='word_1_25' title='bbox 1199 398 1250 426; x_wconf 88' lang='lat' dir='ltr'>ex</span> <span class='ocrx_word' id='word_1_26' title='bbox 1284 383 1363 426; x_wconf 89' lang='lat' dir='ltr'>illis</span> <span class='ocrx_word' id='word_1_27' title='bbox 1399 397 1486 426; x_wconf 90' lang='lat' dir='ltr'>non</span> <span class='ocrx_word' id='word_1_28' title='bbox 1523 397 1568 426; x_wconf 90' lang='lat' dir='ltr'>se</span> <span class='ocrx_word' id='word_1_29' title='bbox 1611 382 1681 426; x_wconf 74' lang='lat' dir='ltr'>di·b</span> 
     </span>
     <span class='ocr_line' id='line_1_5' title="bbox 254 454 1681 514; baseline -0.002 -13"><span class='ocrx_word' id='word_1_30' title='bbox 254 471 367 501; x_wconf 83' lang='lat' dir='ltr'>recte</span> <span class='ocrx_word' id='word_1_31' title='bbox 420 457 684 514; x_wconf 80' lang='lat' dir='ltr'>occiderunt,</span> <span class='ocrx_word' id='word_1_32' title='bbox 717 455 791 499; x_wconf 89' lang='lat' dir='ltr'>sed</span> <span class='ocrx_word' id='word_1_33' title='bbox 845 454 898 499; x_wconf 92' lang='lat' dir='ltr'>ob</span> <span class='ocrx_word' id='word_1_34' title='bbox 952 454 1082 499; x_wconf 86' lang='lat' dir='ltr'>finem</span> <span class='ocrx_word' id='word_1_35' title='bbox 1136 454 1371 498; x_wconf 85' lang='lat' dir='ltr'>honestum</span> <span class='ocrx_word' id='word_1_36' title='bbox 1425 470 1470 499; x_wconf 90' lang='lat' dir='ltr'>se</span> <span class='ocrx_word' id='word_1_37' title='bbox 1522 455 1681 499; x_wconf 86' lang='lat' dir='ltr'>mortis</span> 
     </span>
     <span class='ocr_line' id='line_1_6' title="bbox 253 526 1682 587; baseline -0.002 -14"><span class='ocrx_word' id='word_1_38' title='bbox 253 529 443 587; x_wconf 86' lang='lat' dir='ltr'>periculo</span> <span class='ocrx_word' id='word_1_39' title='bbox 478 540 785 586; x_wconf 84' lang='lat' dir='ltr'>exposuerunt,</span> <span class='ocrx_word' id='word_1_40' title='bbox 829 527 944 586; x_wconf 92' lang='lat' dir='ltr'>quod</span> <span class='ocrx_word' id='word_1_41' title='bbox 988 527 1153 569; x_wconf 85' lang='lat' dir='ltr'>licitum</span> <span class='ocrx_word' id='word_1_42' title='bbox 1203 538 1265 569; x_wconf 86' lang='lat' dir='ltr'>est</span> <span class='ocrx_word' id='word_1_43' title='bbox 1297 526 1382 585; x_wconf 88' lang='lat'>(2):</span> <span class='ocrx_word' id='word_1_44' title='bbox 1418 541 1505 585; x_wconf 90' lang='lat' dir='ltr'>quo</span> <span class='ocrx_word' id='word_1_45' title='bbox 1554 537 1682 585; x_wconf 85' lang='lat' dir='ltr'>pacto</span> 
     </span>
     <span class='ocr_line' id='line_1_7' title="bbox 253 598 1681 659; baseline -0.001 -15"><span class='ocrx_word' id='word_1_46' title='bbox 253 601 473 645; x_wconf 75' lang='lat' dir='ltr'>Eleazarus</span> <span class='ocrx_word' id='word_1_47' title='bbox 508 601 573 659; x_wconf 81' lang='lat'>(3)</span> <span class='ocrx_word' id='word_1_48' title='bbox 607 613 845 656; x_wconf 85' lang='lat' dir='ltr'>excusatur,</span> <span class='ocrx_word' id='word_1_49' title='bbox 878 601 950 658; x_wconf 89' lang='lat' dir='ltr'>qui</span> <span class='ocrx_word' id='word_1_50' title='bbox 993 615 1038 642; x_wconf 92' lang='lat' dir='ltr'>se</span> <span class='ocrx_word' id='word_1_51' title='bbox 1086 599 1122 642; x_wconf 92' lang='lat' dir='ltr'>ei</span> <span class='ocrx_word' id='word_1_52' title='bbox 1171 598 1363 657; x_wconf 87' lang='lat' dir='ltr'>periculo</span> <span class='ocrx_word' id='word_1_53' title='bbox 1410 599 1623 656; x_wconf 88' lang='lat' dir='ltr'>exposuit,</span> <span class='ocrx_word' id='word_1_54' title='bbox 1655 614 1681 642; x_wconf 88' lang='lat' dir='ltr'>a</span> 
     </span>
     <span class='ocr_line' id='line_1_8' title="bbox 250 670 1672 732; baseline -0.003 -16"><span class='ocrx_word' id='word_1_55' title='bbox 250 688 337 732; x_wconf 89' lang='lat' dir='ltr'>quo</span> <span class='ocrx_word' id='word_1_56' title='bbox 368 672 535 715; x_wconf 87' lang='lat' dir='ltr'>liberari</span> <span class='ocrx_word' id='word_1_57' title='bbox 569 685 747 730; x_wconf 85' lang='lat' dir='ltr'>poterat,</span> <span class='ocrx_word' id='word_1_58' title='bbox 781 673 814 715; x_wconf 87' lang='lat' dir='ltr'>si</span> <span class='ocrx_word' id='word_1_59' title='bbox 849 671 980 714; x_wconf 87' lang='lat' dir='ltr'>bestia</span> <span class='ocrx_word' id='word_1_60' title='bbox 1011 686 1160 714; x_wconf 87' lang='lat' dir='ltr'>versus</span> <span class='ocrx_word' id='word_1_61' title='bbox 1192 670 1317 714; x_wconf 88' lang='lat' dir='ltr'>aliam</span> <span class='ocrx_word' id='word_1_62' title='bbox 1350 681 1514 728; x_wconf 85' lang='lat' dir='ltr'>partem</span> <span class='ocrx_word' id='word_1_63' title='bbox 1555 670 1672 713; x_wconf 76' lang='lat' dir='ltr'>ceci—-</span> 
     </span>
     <span class='ocr_line' id='line_1_9' title="bbox 254 741 1678 800; baseline -0.004 -10"><span class='ocrx_word' id='word_1_64' title='bbox 254 745 398 790; x_wconf 80' lang='lat' dir='ltr'>disset:</span> <span class='ocrx_word' id='word_1_65' title='bbox 439 744 620 787; x_wconf 83' lang='lat' dir='ltr'>fortasse</span> <span class='ocrx_word' id='word_1_66' title='bbox 653 744 783 787; x_wconf 86' lang='lat' dir='ltr'>etiam</span> <span class='ocrx_word' id='word_1_67' title='bbox 817 744 1030 800; x_wconf 77' lang='lat' dir='ltr'>Sampson</span> <span class='ocrx_word' id='word_1_68' title='bbox 1067 742 1127 798; x_wconf 60' lang='lat'>(4)</span> <span class='ocrx_word' id='word_1_69' title='bbox 1163 741 1250 785; x_wconf 88' lang='lat' dir='ltr'>hoc</span> <span class='ocrx_word' id='word_1_70' title='bbox 1298 741 1434 785; x_wconf 91' lang='lat' dir='ltr'>modo</span> <span class='ocrx_word' id='word_1_71' title='bbox 1483 741 1678 785; x_wconf 85' lang='lat' dir='ltr'>excusari</span> 
     </span>
     <span class='ocr_line' id='line_1_10' title="bbox 252 813 1678 877; baseline -0.004 -16"><span class='ocrx_word' id='word_1_72' title='bbox 252 819 409 877; x_wconf 87' lang='lat' dir='ltr'>potuit.</span> <span class='ocrx_word' id='word_1_73' title='bbox 443 843 500 850; x_wconf 93' lang='lat'>—</span> <span class='ocrx_word' id='word_1_74' title='bbox 534 816 619 860; x_wconf 90' lang='lat' dir='ltr'>Sed</span> <span class='ocrx_word' id='word_1_75' title='bbox 652 817 771 859; x_wconf 86' lang='lat' dir='ltr'>aliter</span> <span class='ocrx_word' id='word_1_76' title='bbox 803 816 993 859; x_wconf 85' lang='lat' dir='ltr'>secundo</span> <span class='ocrx_word' id='word_1_77' title='bbox 1028 826 1253 858; x_wconf 80' lang='lat' dir='ltr'>excusatur</span> <span class='ocrx_word' id='word_1_78' title='bbox 1286 815 1377 873; x_wconf 89' lang='lat' dir='ltr'>ipse</span> <span class='ocrx_word' id='word_1_79' title='bbox 1411 826 1451 858; x_wconf 92' lang='lat' dir='ltr'>et</span> <span class='ocrx_word' id='word_1_80' title='bbox 1486 814 1571 871; x_wconf 81' lang='lat' dir='ltr'>alii,</span> <span class='ocrx_word' id='word_1_81' title='bbox 1604 813 1678 873; x_wconf 88' lang='lat' dir='ltr'>qui</span> 
     </span>
     <span class='ocr_line' id='line_1_11' title="bbox 255 885 1678 946; baseline -0.004 -13"><span class='ocrx_word' id='word_1_82' title='bbox 255 891 336 933; x_wconf 93' lang='lat' dir='ltr'>Dei</span> <span class='ocrx_word' id='word_1_83' title='bbox 369 891 573 933; x_wconf 86' lang='lat' dir='ltr'>instinctu</span> <span class='ocrx_word' id='word_1_84' title='bbox 609 887 808 946; x_wconf 78' lang='lat' dir='ltr'>peculiari</span> <span class='ocrx_word' id='word_1_85' title='bbox 843 893 902 945; x_wconf 65' lang='lat'>(5)</span> <span class='ocrx_word' id='word_1_86' title='bbox 938 887 979 931; x_wconf 89' lang='lat' dir='ltr'>id</span> <span class='ocrx_word' id='word_1_87' title='bbox 1014 886 1221 944; x_wconf 74' lang='lat' dir='ltr'>fecerunt,</span> <span class='ocrx_word' id='word_1_88' title='bbox 1254 885 1372 944; x_wconf 91' lang='lat' dir='ltr'>quod</span> <span class='ocrx_word' id='word_1_89' title='bbox 1412 885 1587 930; x_wconf 81' lang='lat' dir='ltr'>effectus</span> <span class='ocrx_word' id='word_1_90' title='bbox 1635 885 1678 928; x_wconf 89' lang='lat' dir='ltr'>in</span> 
     </span>
     <span class='ocr_line' id='line_1_12' title="bbox 250 957 1675 1019; baseline -0.004 -13"><span class='ocrx_word' id='word_1_91' title='bbox 250 963 489 1019; x_wconf 88' lang='lat' dir='ltr'>Sampsone</span> <span class='ocrx_word' id='word_1_92' title='bbox 524 959 835 1018; x_wconf 79' lang='lat' dir='ltr'>comprobavit,</span> <span class='ocrx_word' id='word_1_93' title='bbox 871 960 936 1002; x_wconf 90' lang='lat' dir='ltr'>cui</span> <span class='ocrx_word' id='word_1_94' title='bbox 976 960 1092 1002; x_wconf 89' lang='lat' dir='ltr'>Deus</span> <span class='ocrx_word' id='word_1_95' title='bbox 1125 959 1235 1002; x_wconf 89' lang='lat' dir='ltr'>vires</span> <span class='ocrx_word' id='word_1_96' title='bbox 1271 957 1502 1016; x_wconf 80' lang='lat' dir='ltr'>peculiares</span> <span class='ocrx_word' id='word_1_97' title='bbox 1536 970 1577 1001; x_wconf 90' lang='lat' dir='ltr'>et</span> <span class='ocrx_word' id='word_1_98' title='bbox 1600 972 1675 1000; x_wconf 88' lang='lat' dir='ltr'>su-</span> 
     </span>
     <span class='ocr_line' id='line_1_13' title="bbox 254 1030 1678 1093; baseline -0.004 -16"><span class='ocrx_word' id='word_1_99' title='bbox 254 1032 541 1093; x_wconf 85' lang='lat' dir='ltr'>pernaturales</span> <span class='ocrx_word' id='word_1_100' title='bbox 576 1032 626 1076; x_wconf 86' lang='lat' dir='ltr'>ad</span> <span class='ocrx_word' id='word_1_101' title='bbox 651 1031 872 1075; x_wconf 81' lang='lat' dir='ltr'>columnas</span> <span class='ocrx_word' id='word_1_102' title='bbox 897 1030 1135 1074; x_wconf 80' lang='lat' dir='ltr'>evellendas</span> <span class='ocrx_word' id='word_1_103' title='bbox 1169 1031 1367 1074; x_wconf 86' lang='lat' dir='ltr'>restituit.</span> <span class='ocrx_word' id='word_1_104' title='bbox 1393 1031 1518 1074; x_wconf 81' lang='lat' dir='ltr'>Beata</span> <span class='ocrx_word' id='word_1_105' title='bbox 1549 1030 1678 1074; x_wconf 87' lang='lat' dir='ltr'>etiam</span> 
     </span>
     <span class='ocr_line' id='line_1_14' title="bbox 254 1102 1683 1164; baseline -0.002 -12"><span class='ocrx_word' id='word_1_106' title='bbox 254 1105 486 1164; x_wconf 87' lang='lat' dir='ltr'>Apollonia</span> <span class='ocrx_word' id='word_1_107' title='bbox 520 1105 705 1162; x_wconf 87' lang='lat' dir='ltr'>Spiritus</span> <span class='ocrx_word' id='word_1_108' title='bbox 739 1105 872 1147; x_wconf 87' lang='lat' dir='ltr'>sancti</span> <span class='ocrx_word' id='word_1_109' title='bbox 906 1104 1187 1162; x_wconf 82' lang='lat' dir='ltr'>inspiratione</span> <span class='ocrx_word' id='word_1_110' title='bbox 1223 1102 1407 1147; x_wconf 89' lang='lat' dir='ltr'>creditur</span> <span class='ocrx_word' id='word_1_111' title='bbox 1439 1103 1480 1148; x_wconf 93' lang='lat' dir='ltr'>id</span> <span class='ocrx_word' id='word_1_112' title='bbox 1529 1103 1683 1151; x_wconf 85' lang='lat' dir='ltr'>fecisse</span> 
     </span>
     <span class='ocr_line' id='line_1_15' title="bbox 253 1177 1679 1236; baseline 0.001 -16"><span class='ocrx_word' id='word_1_113' title='bbox 253 1179 427 1236; x_wconf 86' lang='lat' dir='ltr'>(nempe</span> <span class='ocrx_word' id='word_1_114' title='bbox 461 1193 505 1220; x_wconf 89' lang='lat' dir='ltr'>se</span> <span class='ocrx_word' id='word_1_115' title='bbox 539 1178 581 1220; x_wconf 92' lang='lat' dir='ltr'>in</span> <span class='ocrx_word' id='word_1_116' title='bbox 616 1178 761 1234; x_wconf 86' lang='lat' dir='ltr'>ignem</span> <span class='ocrx_word' id='word_1_117' title='bbox 795 1189 1091 1235; x_wconf 83' lang='lat' dir='ltr'>praeparatum</span> <span class='ocrx_word' id='word_1_118' title='bbox 1136 1177 1347 1234; x_wconf 88' lang='lat' dir='ltr'>iniecisse,</span> <span class='ocrx_word' id='word_1_119' title='bbox 1380 1189 1605 1236; x_wconf 85' lang='lat' dir='ltr'>antequam</span> <span class='ocrx_word' id='word_1_120' title='bbox 1656 1194 1679 1222; x_wconf 88' lang='lat' dir='ltr'>a</span> 
     </span>
     <span class='ocr_line' id='line_1_16' title="bbox 255 1248 1679 1308; baseline 0 -15"><span class='ocrx_word' id='word_1_121' title='bbox 255 1248 448 1293; x_wconf 88' lang='lat' dir='ltr'>carnifice</span> <span class='ocrx_word' id='word_1_122' title='bbox 491 1248 807 1308; x_wconf 84' lang='lat' dir='ltr'>proiiceretur).</span> <span class='ocrx_word' id='word_1_123' title='bbox 841 1274 897 1282; x_wconf 94' lang='lat'><strong>—</strong></span> <span class='ocrx_word' id='word_1_124' title='bbox 931 1249 1101 1305; x_wconf 84' lang='lat' dir='ltr'>Tertio,</span> <span class='ocrx_word' id='word_1_125' title='bbox 1134 1249 1203 1292; x_wconf 92' lang='lat' dir='ltr'>alii</span> <span class='ocrx_word' id='word_1_126' title='bbox 1250 1251 1492 1307; x_wconf 83' lang='lat' dir='ltr'>ignorantia</span> <span class='ocrx_word' id='word_1_127' title='bbox 1533 1250 1679 1293; x_wconf 60' lang='lat' dir='ltr'>invin-&#39;-</span> 
     </span>
     <span class='ocr_line' id='line_1_17' title="bbox 255 1319 1679 1380; baseline 0 -16"><span class='ocrx_word' id='word_1_128' title='bbox 255 1320 366 1365; x_wconf 88' lang='lat' dir='ltr'>cibili</span> <span class='ocrx_word' id='word_1_129' title='bbox 399 1320 470 1380; x_wconf 87' lang='lat'>(6)</span> <span class='ocrx_word' id='word_1_130' title='bbox 494 1332 764 1378; x_wconf 81' lang='lat' dir='ltr'>excusantur,</span> <span class='ocrx_word' id='word_1_131' title='bbox 787 1337 895 1379; x_wconf 87' lang='lat' dir='ltr'>quae</span> <span class='ocrx_word' id='word_1_132' title='bbox 919 1321 1027 1363; x_wconf 83' lang='lat' dir='ltr'>circa</span> <span class='ocrx_word' id='word_1_133' title='bbox 1051 1336 1140 1364; x_wconf 87' lang='lat' dir='ltr'>rem</span> <span class='ocrx_word' id='word_1_134' title='bbox 1164 1319 1271 1364; x_wconf 85' lang='lat' dir='ltr'>adeo</span> <span class='ocrx_word' id='word_1_135' title='bbox 1296 1320 1532 1365; x_wconf 84' lang='lat' dir='ltr'>abstrusam</span> <span class='ocrx_word' id='word_1_136' title='bbox 1556 1320 1679 1365; x_wconf 85' lang='lat' dir='ltr'>facile</span> 
     </span>
    </p>
   </div>
   <div class='ocr_carea' id='block_1_3' title="bbox 256 1471 487 1478">
    <p class='ocr_par' dir='ltr' id='par_1_3' title="bbox 256 1471 487 1478">
     <span class='ocr_line' id='line_1_18' title="bbox 256 1471 487 1478; baseline 0 0"><span class='ocrx_word' id='word_1_137' title='bbox 256 1471 487 1478; x_wconf 95' lang='lat' dir='ltr'> </span> 
     </span>
    </p>
   </div>
   <div class='ocr_carea' id='block_1_4' title="bbox 247 1555 1677 2682">
    <p class='ocr_par' dir='ltr' id='par_1_4' title="bbox 349 1555 1166 1602">
     <span class='ocr_line' id='line_1_19' title="bbox 349 1555 1166 1602; baseline -0.001 -12"><span class='ocrx_word' id='word_1_138' title='bbox 349 1557 401 1602; x_wconf 78' lang='grc' dir='ltr'>(ι)</span> <span class='ocrx_word' id='word_1_139' title='bbox 431 1557 502 1602; x_wconf 92' lang='lat' dir='ltr'>Op.</span> <span class='ocrx_word' id='word_1_140' title='bbox 531 1556 602 1600; x_wconf 88' lang='lat' dir='ltr'>cit.‚</span> <span class='ocrx_word' id='word_1_141' title='bbox 630 1555 718 1602; x_wconf 85' lang='lat' dir='ltr'>disp.</span> <span class='ocrx_word' id='word_1_142' title='bbox 745 1556 790 1592; x_wconf 89' lang='lat' dir='ltr'>X.</span> <span class='ocrx_word' id='word_1_143' title='bbox 815 1564 902 1590; x_wconf 81' lang='lat' dir='ltr'>sect.</span> <span class='ocrx_word' id='word_1_144' title='bbox 932 1565 959 1590; x_wconf 87' lang='lat'>1.</span> <span class='ocrx_word' id='word_1_145' title='bbox 985 1566 1085 1589; x_wconf 88' lang='lat' dir='ltr'>num.</span> <span class='ocrx_word' id='word_1_146' title='bbox 1114 1562 1166 1596; x_wconf 82' lang='lat'>15.</span> 
     </span>
    </p>

    <p class='ocr_par' dir='ltr' id='par_1_5' title="bbox 346 1615 1200 1662">
     <span class='ocr_line' id='line_1_20' title="bbox 346 1615 1200 1662; baseline -0.002 -12"><span class='ocrx_word' id='word_1_147' title='bbox 346 1617 402 1662; x_wconf 88' lang='lat'>(2)</span> <span class='ocrx_word' id='word_1_148' title='bbox 431 1618 506 1652; x_wconf 90' lang='lat' dir='ltr'>Hac</span> <span class='ocrx_word' id='word_1_149' title='bbox 534 1616 577 1651; x_wconf 88' lang='lat' dir='ltr'>de</span> <span class='ocrx_word' id='word_1_150' title='bbox 603 1628 638 1651; x_wconf 92' lang='lat' dir='ltr'>re</span> <span class='ocrx_word' id='word_1_151' title='bbox 661 1616 784 1650; x_wconf 86' lang='lat' dir='ltr'>statim</span> <span class='ocrx_word' id='word_1_152' title='bbox 811 1616 845 1649; x_wconf 89' lang='lat' dir='ltr'>in</span> <span class='ocrx_word' id='word_1_153' title='bbox 874 1615 1014 1649; x_wconf 85' lang='lat' dir='ltr'>scholio</span> <span class='ocrx_word' id='word_1_154' title='bbox 1041 1624 1200 1661; x_wconf 82' lang='lat' dir='ltr'>agemuS.</span> 
     </span>
    </p>

    <p class='ocr_par' dir='ltr' id='par_1_6' title="bbox 247 1670 1676 1842">
     <span class='ocr_line' id='line_1_21' title="bbox 347 1670 1676 1721; baseline -0.002 -13"><span class='ocrx_word' id='word_1_155' title='bbox 347 1676 400 1721; x_wconf 64' lang='grc' dir='ltr'>(ς’)</span> <span class='ocrx_word' id='word_1_156' title='bbox 431 1687 458 1710; x_wconf 87' lang='lat'>1.</span> <span class='ocrx_word' id='word_1_157' title='bbox 490 1675 652 1710; x_wconf 84' lang='lat' dir='ltr'>Machab.</span> <span class='ocrx_word' id='word_1_158' title='bbox 678 1676 740 1710; x_wconf 89' lang='lat' dir='ltr'>VI.</span> <span class='ocrx_word' id='word_1_159' title='bbox 774 1697 801 1700; x_wconf 86' lang='lat'>--</span> <span class='ocrx_word' id='word_1_160' title='bbox 839 1675 1028 1709; x_wconf 84' lang='lat' dir='ltr'>Eleazarus</span> <span class='ocrx_word' id='word_1_161' title='bbox 1061 1682 1098 1708; x_wconf 92' lang='lat' dir='ltr'>ut</span> <span class='ocrx_word' id='word_1_162' title='bbox 1141 1673 1389 1719; x_wconf 86' lang='lat' dir='ltr'>elephantum,</span> <span class='ocrx_word' id='word_1_163' title='bbox 1415 1671 1473 1706; x_wconf 86' lang='lat' dir='ltr'>cui</span> <span class='ocrx_word' id='word_1_164' title='bbox 1511 1670 1676 1706; x_wconf 86' lang='lat' dir='ltr'>hostium</span> 
     </span>
     <span class='ocr_line' id='line_1_22' title="bbox 250 1730 1676 1780; baseline -0.003 -10"><span class='ocrx_word' id='word_1_165' title='bbox 250 1747 311 1770; x_wconf 85' lang='lat' dir='ltr'>rex</span> <span class='ocrx_word' id='word_1_166' title='bbox 337 1736 490 1770; x_wconf 85' lang='lat' dir='ltr'>insidere</span> <span class='ocrx_word' id='word_1_167' title='bbox 514 1735 711 1778; x_wconf 79' lang='lat' dir='ltr'>videbatur,</span> <span class='ocrx_word' id='word_1_168' title='bbox 737 1734 966 1776; x_wconf 85' lang='lat' dir='ltr'>interficeret,</span> <span class='ocrx_word' id='word_1_169' title='bbox 994 1734 1154 1780; x_wconf 86' lang='lat' dir='ltr'>seipsum</span> <span class='ocrx_word' id='word_1_170' title='bbox 1182 1745 1202 1767; x_wconf 90' lang='lat' dir='ltr'>a</span> <span class='ocrx_word' id='word_1_171' title='bbox 1236 1733 1350 1767; x_wconf 86' lang='lat' dir='ltr'>bestia</span> <span class='ocrx_word' id='word_1_172' title='bbox 1394 1730 1676 1778; x_wconf 87' lang='lat' dir='ltr'>opprimendum</span> 
     </span>
     <span class='ocr_line' id='line_1_23' title="bbox 247 1796 451 1842; baseline 0.005 -12"><span class='ocrx_word' id='word_1_173' title='bbox 247 1796 451 1842; x_wconf 90' lang='lat' dir='ltr'>supposuit.</span> 
     </span>
    </p>

    <p class='ocr_par' dir='ltr' id='par_1_7' title="bbox 247 1852 1677 2198">
     <span class='ocr_line' id='line_1_24' title="bbox 346 1852 1674 1901; baseline -0.004 -11"><span class='ocrx_word' id='word_1_174' title='bbox 346 1857 402 1901; x_wconf 81' lang='lat'>(4)</span> <span class='ocrx_word' id='word_1_175' title='bbox 431 1856 539 1891; x_wconf 83' lang='lat' dir='ltr'>Iudic.</span> <span class='ocrx_word' id='word_1_176' title='bbox 567 1856 630 1889; x_wconf 92' lang='lat' dir='ltr'>VI.</span> <span class='ocrx_word' id='word_1_177' title='bbox 664 1876 701 1881; x_wconf 91' lang='lat'>—-</span> <span class='ocrx_word' id='word_1_178' title='bbox 731 1856 910 1901; x_wconf 85' lang='lat' dir='ltr'>Sampson</span> <span class='ocrx_word' id='word_1_179' title='bbox 935 1867 953 1888; x_wconf 89' lang='lat' dir='ltr'>a</span> <span class='ocrx_word' id='word_1_180' title='bbox 991 1866 1018 1890; x_wconf 89' lang='lat' dir='ltr'>s.</span> <span class='ocrx_word' id='word_1_181' title='bbox 1046 1853 1174 1899; x_wconf 88' lang='lat' dir='ltr'>Paulo,</span> <span class='ocrx_word' id='word_1_182' title='bbox 1212 1853 1320 1888; x_wconf 90' lang='lat' dir='ltr'>Hebr.</span> <span class='ocrx_word' id='word_1_183' title='bbox 1346 1852 1420 1895; x_wconf 82' lang='lat' dir='ltr'>XL,</span> <span class='ocrx_word' id='word_1_184' title='bbox 1456 1853 1549 1887; x_wconf 89' lang='lat' dir='ltr'>inter</span> <span class='ocrx_word' id='word_1_185' title='bbox 1585 1862 1674 1886; x_wconf 89' lang='lat' dir='ltr'>san-</span> 
     </span>
     <span class='ocr_line' id='line_1_25' title="bbox 252 1909 1677 1961; baseline -0.006 -9"><span class='ocrx_word' id='word_1_186' title='bbox 252 1926 330 1952; x_wconf 90' lang='lat' dir='ltr'>ctos</span> <span class='ocrx_word' id='word_1_187' title='bbox 370 1924 663 1951; x_wconf 86' lang='lat' dir='ltr'>connumeratur.</span> <span class='ocrx_word' id='word_1_188' title='bbox 690 1915 723 1950; x_wconf 91' lang='lat' dir='ltr'>S.</span> <span class='ocrx_word' id='word_1_189' title='bbox 765 1915 1003 1961; x_wconf 77' lang='lat' dir='ltr'>Augustinus,</span> <span class='ocrx_word' id='word_1_190' title='bbox 1043 1914 1086 1948; x_wconf 91' lang='lat' dir='ltr'>de</span> <span class='ocrx_word' id='word_1_191' title='bbox 1123 1913 1192 1949; x_wconf 81' lang='lat' dir='ltr'>civ,</span> <span class='ocrx_word' id='word_1_192' title='bbox 1229 1913 1296 1948; x_wconf 91' lang='lat' dir='ltr'>Dei</span> <span class='ocrx_word' id='word_1_193' title='bbox 1322 1912 1344 1947; x_wconf 91' lang='lat'>1.</span> <span class='ocrx_word' id='word_1_194' title='bbox 1377 1923 1404 1947; x_wconf 85' lang='lat'>1.</span> <span class='ocrx_word' id='word_1_195' title='bbox 1431 1922 1509 1958; x_wconf 89' lang='lat' dir='ltr'>cap.</span> <span class='ocrx_word' id='word_1_196' title='bbox 1537 1920 1603 1954; x_wconf 68' lang='lat'>21„</span> <span class='ocrx_word' id='word_1_197' title='bbox 1630 1909 1677 1945; x_wconf 87' lang='lat' dir='ltr'>de</span> 
     </span>
     <span class='ocr_line' id='line_1_26' title="bbox 247 1973 1674 2023; baseline -0.004 -12"><span class='ocrx_word' id='word_1_198' title='bbox 247 1977 450 2023; x_wconf 86' lang='lat' dir='ltr'>Sampsone</span> <span class='ocrx_word' id='word_1_199' title='bbox 476 1976 629 2022; x_wconf 83' lang='lat' dir='ltr'>loquens</span> <span class='ocrx_word' id='word_1_200' title='bbox 660 1975 749 2009; x_wconf 77' lang='lat' dir='ltr'>haec</span> <span class='ocrx_word' id='word_1_201' title='bbox 786 1974 908 2009; x_wconf 86' lang='lat' dir='ltr'>habet:</span> <span class='ocrx_word' id='word_1_202' title='bbox 949 1974 1065 2008; x_wconf 76' lang='lat' dir='ltr'>«Nec</span> <span class='ocrx_word' id='word_1_203' title='bbox 1105 1974 1286 2020; x_wconf 87' lang='lat' dir='ltr'>Sampson</span> <span class='ocrx_word' id='word_1_204' title='bbox 1324 1973 1428 2007; x_wconf 83' lang='lat' dir='ltr'>aliter</span> <span class='ocrx_word' id='word_1_205' title='bbox 1465 1979 1674 2014; x_wconf 66' lang='lat' dir='ltr'>excusatur,</span> 
     </span>
     <span class='ocr_line' id='line_1_27' title="bbox 251 2030 1672 2083; baseline -0.005 -12"><span class='ocrx_word' id='word_1_206' title='bbox 251 2037 346 2083; x_wconf 88' lang='lat' dir='ltr'>quod</span> <span class='ocrx_word' id='word_1_207' title='bbox 373 2038 531 2082; x_wconf 87' lang='lat' dir='ltr'>seipsum</span> <span class='ocrx_word' id='word_1_208' title='bbox 559 2047 640 2069; x_wconf 90' lang='lat' dir='ltr'>cum</span> <span class='ocrx_word' id='word_1_209' title='bbox 667 2035 831 2070; x_wconf 88' lang='lat' dir='ltr'>hostibus</span> <span class='ocrx_word' id='word_1_210' title='bbox 857 2035 957 2068; x_wconf 89' lang='lat' dir='ltr'>ruina</span> <span class='ocrx_word' id='word_1_211' title='bbox 984 2034 1114 2068; x_wconf 90' lang='lat' dir='ltr'>domus</span> <span class='ocrx_word' id='word_1_212' title='bbox 1141 2032 1370 2079; x_wconf 77' lang='lat' dir='ltr'>oppresserit,</span> <span class='ocrx_word' id='word_1_213' title='bbox 1398 2031 1463 2067; x_wconf 87' lang='lat' dir='ltr'>nisi</span> <span class='ocrx_word' id='word_1_214' title='bbox 1492 2030 1588 2078; x_wconf 90' lang='lat' dir='ltr'>qnod</span> <span class='ocrx_word' id='word_1_215' title='bbox 1615 2030 1672 2064; x_wconf 84' lang='lat' dir='ltr'>la·-</span> 
     </span>
     <span class='ocr_line' id='line_1_28' title="bbox 250 2088 1673 2142; baseline -0.005 -10"><span class='ocrx_word' id='word_1_216' title='bbox 250 2105 367 2132; x_wconf 87' lang='lat' dir='ltr'>tenter</span> <span class='ocrx_word' id='word_1_217' title='bbox 392 2096 546 2142; x_wconf 74' lang='lat' dir='ltr'>Sp=ritus</span> <span class='ocrx_word' id='word_1_218' title='bbox 571 2104 716 2130; x_wconf 87' lang='lat' dir='ltr'>sanctus</span> <span class='ocrx_word' id='word_1_219' title='bbox 742 2094 813 2129; x_wconf 89' lang='lat' dir='ltr'>hoc</span> <span class='ocrx_word' id='word_1_220' title='bbox 840 2095 1001 2136; x_wconf 86' lang='lat' dir='ltr'>iusserat,</span> <span class='ocrx_word' id='word_1_221' title='bbox 1028 2093 1086 2140; x_wconf 90' lang='lat' dir='ltr'>qui</span> <span class='ocrx_word' id='word_1_222' title='bbox 1116 2105 1179 2139; x_wconf 92' lang='lat' dir='ltr'>per</span> <span class='ocrx_word' id='word_1_223' title='bbox 1205 2092 1309 2128; x_wconf 88' lang='lat' dir='ltr'>illum</span> <span class='ocrx_word' id='word_1_224' title='bbox 1348 2091 1521 2127; x_wconf 88' lang='lat' dir='ltr'>miracula</span> <span class='ocrx_word' id='word_1_225' title='bbox 1560 2088 1673 2125; x_wconf 90' lang='lat' dir='ltr'>facie-</span> 
     </span>
     <span class='ocr_line' id='line_1_29' title="bbox 250 2154 1031 2198; baseline -0.004 -6"><span class='ocrx_word' id='word_1_226' title='bbox 250 2157 319 2192; x_wconf 86' lang='lat' dir='ltr'>bat.</span> <span class='ocrx_word' id='word_1_227' title='bbox 341 2173 358 2189; x_wconf 84' lang='lat'><em>»</em></span> <span class='ocrx_word' id='word_1_228' title='bbox 389 2155 443 2191; x_wconf 91' lang='lat' dir='ltr'>Cf.</span> <span class='ocrx_word' id='word_1_229' title='bbox 474 2167 501 2190; x_wconf 74' lang='lat' dir='ltr'>s,</span> <span class='ocrx_word' id='word_1_230' title='bbox 528 2156 725 2198; x_wconf 83' lang='lat' dir='ltr'>Thomam,</span> <span class='ocrx_word' id='word_1_231' title='bbox 751 2154 773 2188; x_wconf 96' lang='lat' dir='ltr'>l.</span> <span class='ocrx_word' id='word_1_232' title='bbox 801 2154 859 2189; x_wconf 87' lang='lat' dir='ltr'>cit.</span> <span class='ocrx_word' id='word_1_233' title='bbox 887 2154 930 2188; x_wconf 88' lang='lat' dir='ltr'>ad</span> <span class='ocrx_word' id='word_1_234' title='bbox 957 2163 990 2196; x_wconf 88' lang='grc'>4.</span> <span class='ocrx_word' id='word_1_235' title='bbox 1028 2154 1031 2155; x_wconf 62' lang='grc'>’</span> 
     </span>
    </p>

    <p class='ocr_par' dir='ltr' id='par_1_8' title="bbox 249 2210 1675 2558">
     <span class='ocr_line' id='line_1_30' title="bbox 343 2210 1675 2262; baseline -0.003 -13"><span class='ocrx_word' id='word_1_236' title='bbox 343 2216 399 2262; x_wconf 82' lang='lat'>(5)</span> <span class='ocrx_word' id='word_1_237' title='bbox 429 2214 585 2259; x_wconf 84' lang='lat' dir='ltr'>Quando</span> <span class='ocrx_word' id='word_1_238' title='bbox 614 2226 758 2261; x_wconf 89' lang='lat' dir='ltr'>prorsus</span> <span class='ocrx_word' id='word_1_239' title='bbox 784 2222 926 2248; x_wconf 85' lang='lat' dir='ltr'>constet</span> <span class='ocrx_word' id='word_1_240' title='bbox 956 2213 998 2247; x_wconf 92' lang='lat' dir='ltr'>de</span> <span class='ocrx_word' id='word_1_241' title='bbox 1024 2212 1092 2246; x_wconf 84' lang='lat' dir='ltr'>hac</span> <span class='ocrx_word' id='word_1_242' title='bbox 1120 2212 1294 2258; x_wconf 84' lang='lat' dir='ltr'>peculiari</span> <span class='ocrx_word' id='word_1_243' title='bbox 1319 2211 1388 2247; x_wconf 90' lang='lat' dir='ltr'>Dei</span> <span class='ocrx_word' id='word_1_244' title='bbox 1427 2210 1675 2258; x_wconf 83' lang='lat' dir='ltr'>inspiratione,</span> 
     </span>
     <span class='ocr_line' id='line_1_31' title="bbox 251 2270 1673 2318; baseline -0.004 -8"><span class='ocrx_word' id='word_1_245' title='bbox 251 2275 345 2310; x_wconf 89' lang='lat' dir='ltr'>actio</span> <span class='ocrx_word' id='word_1_246' title='bbox 373 2277 483 2310; x_wconf 83' lang='lat' dir='ltr'>vitam</span> <span class='ocrx_word' id='word_1_247' title='bbox 510 2274 578 2309; x_wconf 89' lang='lat' dir='ltr'>sibi</span> <span class='ocrx_word' id='word_1_248' title='bbox 604 2274 801 2316; x_wconf 87' lang='lat' dir='ltr'>adimendi,</span> <span class='ocrx_word' id='word_1_249' title='bbox 825 2284 900 2308; x_wconf 89' lang='lat' dir='ltr'>non</span> <span class='ocrx_word' id='word_1_250' title='bbox 929 2282 992 2315; x_wconf 90' lang='lat' dir='ltr'>est,</span> <span class='ocrx_word' id='word_1_251' title='bbox 1018 2282 1056 2307; x_wconf 91' lang='lat' dir='ltr'>ut</span> <span class='ocrx_word' id='word_1_252' title='bbox 1083 2281 1190 2318; x_wconf 82' lang='lat' dir='ltr'>patet,</span> <span class='ocrx_word' id='word_1_253' title='bbox 1216 2271 1324 2308; x_wconf 88' lang='lat' dir='ltr'>rnala.</span> <span class='ocrx_word' id='word_1_254' title='bbox 1350 2283 1372 2305; x_wconf 89' lang='lat'>‹&lt;</span> <span class='ocrx_word' id='word_1_255' title='bbox 1392 2271 1465 2316; x_wconf 87' lang='lat' dir='ltr'>Qui</span> <span class='ocrx_word' id='word_1_256' title='bbox 1487 2270 1598 2315; x_wconf 81' lang='lat' dir='ltr'>audit,</span> <span class='ocrx_word' id='word_1_257' title='bbox 1624 2271 1673 2306; x_wconf 87' lang='lat' dir='ltr'>ita</span> 
     </span>
     <span class='ocr_line' id='line_1_32' title="bbox 250 2328 1675 2381; baseline -0.003 -12"><span class='ocrx_word' id='word_1_258' title='bbox 250 2346 277 2369; x_wconf 91' lang='lat' dir='ltr'>s.</span> <span class='ocrx_word' id='word_1_259' title='bbox 303 2335 541 2381; x_wconf 83' lang='lat' dir='ltr'>Augustinus,</span> <span class='ocrx_word' id='word_1_260' title='bbox 567 2345 625 2380; x_wconf 90' lang='lat' dir='ltr'>op.</span> <span class='ocrx_word' id='word_1_261' title='bbox 654 2343 687 2369; x_wconf 87' lang='lat' dir='ltr'>et</span> <span class='ocrx_word' id='word_1_262' title='bbox 714 2334 724 2368; x_wconf 97' lang='grc'>1</span> <span class='ocrx_word' id='word_1_263' title='bbox 763 2335 823 2368; x_wconf 81' lang='lat' dir='ltr'>cit.</span> <span class='ocrx_word' id='word_1_264' title='bbox 851 2345 929 2380; x_wconf 85' lang='lat' dir='ltr'>cap.</span> <span class='ocrx_word' id='word_1_265' title='bbox 960 2332 1032 2374; x_wconf 62' lang='lat'>26„</span> <span class='ocrx_word' id='word_1_266' title='bbox 1059 2343 1133 2367; x_wconf 88' lang='lat' dir='ltr'>non</span> <span class='ocrx_word' id='word_1_267' title='bbox 1160 2332 1269 2368; x_wconf 88' lang='lat' dir='ltr'>licere</span> <span class='ocrx_word' id='word_1_268' title='bbox 1296 2343 1334 2367; x_wconf 91' lang='lat' dir='ltr'>se</span> <span class='ocrx_word' id='word_1_269' title='bbox 1359 2330 1535 2375; x_wconf 86' lang='lat' dir='ltr'>occidere,</span> <span class='ocrx_word' id='word_1_270' title='bbox 1553 2328 1675 2374; x_wconf 85' lang='lat' dir='ltr'>faciat,</span> 
     </span>
     <span class='ocr_line' id='line_1_33' title="bbox 250 2391 1673 2435; baseline -0.002 -6"><span class='ocrx_word' id='word_1_271' title='bbox 250 2395 279 2429; x_wconf 88' lang='lat' dir='ltr'>si</span> <span class='ocrx_word' id='word_1_272' title='bbox 306 2395 406 2429; x_wconf 87' lang='lat' dir='ltr'>iussit</span> <span class='ocrx_word' id='word_1_273' title='bbox 433 2395 533 2428; x_wconf 85' lang='lat' dir='ltr'>cuius</span> <span class='ocrx_word' id='word_1_274' title='bbox 567 2406 641 2428; x_wconf 87' lang='lat' dir='ltr'>non</span> <span class='ocrx_word' id='word_1_275' title='bbox 681 2394 764 2429; x_wconf 92' lang='lat' dir='ltr'>licet</span> <span class='ocrx_word' id='word_1_276' title='bbox 804 2395 897 2429; x_wconf 85' lang='lat' dir='ltr'>iussa</span> <span class='ocrx_word' id='word_1_277' title='bbox 935 2402 1182 2428; x_wconf 88' lang='lat' dir='ltr'>contemnere.</span> <span class='ocrx_word' id='word_1_278' title='bbox 1225 2391 1501 2434; x_wconf 75' lang='lat' dir='ltr'>Tantummodo</span> <span class='ocrx_word' id='word_1_279' title='bbox 1540 2391 1673 2435; x_wconf 82' lang='lat' dir='ltr'>videat,</span> 
     </span>
     <span class='ocr_line' id='line_1_34' title="bbox 249 2451 1670 2495; baseline -0.001 -7"><span class='ocrx_word' id='word_1_280' title='bbox 249 2458 363 2488; x_wconf 83' lang='lat' dir='ltr'>utrum</span> <span class='ocrx_word' id='word_1_281' title='bbox 389 2454 509 2487; x_wconf 64' lang='lat' dir='ltr'>divina</span> <span class='ocrx_word' id='word_1_282' title='bbox 538 2455 640 2487; x_wconf 75' lang='lat' dir='ltr'>iussio</span> <span class='ocrx_word' id='word_1_283' title='bbox 667 2453 759 2488; x_wconf 78' lang='lat' dir='ltr'>nullo</span> <span class='ocrx_word' id='word_1_284' title='bbox 786 2459 877 2488; x_wconf 68' lang='lat' dir='ltr'>nutet</span> <span class='ocrx_word' id='word_1_285' title='bbox 897 2455 1070 2488; x_wconf 68' lang='lat' dir='ltr'>incerto.»</span> <span class='ocrx_word' id='word_1_286' title='bbox 1097 2454 1214 2488; x_wconf 85' lang='lat' dir='ltr'>Debet</span> <span class='ocrx_word' id='word_1_287' title='bbox 1241 2453 1392 2495; x_wconf 89' lang='lat' dir='ltr'>scilicet,</span> <span class='ocrx_word' id='word_1_288' title='bbox 1409 2461 1448 2487; x_wconf 88' lang='lat' dir='ltr'>ut</span> <span class='ocrx_word' id='word_1_289' title='bbox 1474 2453 1548 2487; x_wconf 85' lang='lat' dir='ltr'>iam</span> <span class='ocrx_word' id='word_1_290' title='bbox 1574 2451 1670 2486; x_wconf 86' lang='lat' dir='ltr'>dixi-</span> 
     </span>
     <span class='ocr_line' id='line_1_35' title="bbox 250 2512 1556 2558; baseline -0.002 -10"><span class='ocrx_word' id='word_1_291' title='bbox 250 2525 341 2558; x_wconf 88' lang='lat' dir='ltr'>mus,</span> <span class='ocrx_word' id='word_1_292' title='bbox 365 2525 445 2547; x_wconf 64' lang='lat' dir='ltr'>vera</span> <span class='ocrx_word' id='word_1_293' title='bbox 464 2523 497 2548; x_wconf 91' lang='lat' dir='ltr'>et</span> <span class='ocrx_word' id='word_1_294' title='bbox 515 2515 651 2548; x_wconf 82' lang='lat' dir='ltr'>omnino</span> <span class='ocrx_word' id='word_1_295' title='bbox 680 2523 845 2548; x_wconf 88' lang='lat' dir='ltr'>constare</span> <span class='ocrx_word' id='word_1_296' title='bbox 873 2513 916 2548; x_wconf 85' lang='lat' dir='ltr'>de</span> <span class='ocrx_word' id='word_1_297' title='bbox 943 2513 1010 2548; x_wconf 87' lang='lat' dir='ltr'>Dei</span> <span class='ocrx_word' id='word_1_298' title='bbox 1037 2513 1198 2548; x_wconf 89' lang='lat' dir='ltr'>iussione</span> <span class='ocrx_word' id='word_1_299' title='bbox 1222 2512 1279 2548; x_wconf 89' lang='lat' dir='ltr'>vel</span> <span class='ocrx_word' id='word_1_300' title='bbox 1304 2512 1556 2558; x_wconf 86' lang='lat' dir='ltr'>inspiratione.</span> 
     </span>
    </p>

    <p class='ocr_par' dir='ltr' id='par_1_9' title="bbox 249 2572 1671 2682">
     <span class='ocr_line' id='line_1_36' title="bbox 345 2572 1669 2621; baseline -0.001 -13"><span class='ocrx_word' id='word_1_301' title='bbox 345 2573 401 2619; x_wconf 88' lang='lat'>(6)</span> <span class='ocrx_word' id='word_1_302' title='bbox 426 2574 634 2620; x_wconf 85' lang='lat' dir='ltr'>Ignorantia</span> <span class='ocrx_word' id='word_1_303' title='bbox 662 2575 855 2609; x_wconf 80' lang='lat' dir='ltr'>invincibili</span> <span class='ocrx_word' id='word_1_304' title='bbox 880 2574 1124 2610; x_wconf 86' lang='lat' dir='ltr'>intercedente</span> <span class='ocrx_word' id='word_1_305' title='bbox 1151 2575 1340 2621; x_wconf 86' lang='lat' dir='ltr'>(itemque,</span> <span class='ocrx_word' id='word_1_306' title='bbox 1367 2584 1433 2608; x_wconf 91' lang='lat' dir='ltr'>usu</span> <span class='ocrx_word' id='word_1_307' title='bbox 1471 2581 1507 2608; x_wconf 89' lang='lat' dir='ltr'>et</span> <span class='ocrx_word' id='word_1_308' title='bbox 1538 2572 1669 2608; x_wconf 89' lang='lat' dir='ltr'>adver-</span> 
     </span>
     <span class='ocr_line' id='line_1_37' title="bbox 249 2634 1671 2682; baseline 0.001 -15"><span class='ocrx_word' id='word_1_309' title='bbox 249 2634 360 2668; x_wconf 71' lang='lat' dir='ltr'>tentia</span> <span class='ocrx_word' id='word_1_310' title='bbox 387 2635 538 2669; x_wconf 79' lang='lat' dir='ltr'>rationis</span> <span class='ocrx_word' id='word_1_311' title='bbox 564 2634 768 2678; x_wconf 83' lang='lat' dir='ltr'>deficiente,</span> <span class='ocrx_word' id='word_1_312' title='bbox 793 2644 830 2670; x_wconf 90' lang='lat' dir='ltr'>ut</span> <span class='ocrx_word' id='word_1_313' title='bbox 857 2635 891 2669; x_wconf 87' lang='lat' dir='ltr'>in</span> <span class='ocrx_word' id='word_1_314' title='bbox 921 2636 962 2670; x_wconf 88' lang='lat' dir='ltr'>iis</span> <span class='ocrx_word' id='word_1_315' title='bbox 988 2635 1183 2681; x_wconf 85' lang='lat' dir='ltr'>contingit,</span> <span class='ocrx_word' id='word_1_316' title='bbox 1208 2635 1269 2682; x_wconf 91' lang='lat' dir='ltr'>qui</span> <span class='ocrx_word' id='word_1_317' title='bbox 1295 2645 1332 2669; x_wconf 91' lang='lat' dir='ltr'>se</span> <span class='ocrx_word' id='word_1_318' title='bbox 1359 2634 1393 2668; x_wconf 87' lang='lat' dir='ltr'>in</span> <span class='ocrx_word' id='word_1_319' title='bbox 1420 2641 1513 2669; x_wconf 91' lang='lat' dir='ltr'>statu</span> <span class='ocrx_word' id='word_1_320' title='bbox 1539 2644 1671 2668; x_wconf 89' lang='lat' dir='ltr'>amen-</span> 
     </span>
    </p>
   </div>
  </div>
 </body>
</html>
