1737 2802
697 128 963 182 —369—

217 230 269 255 12.
296 221 622 255 Demonstratio.
649 241 694 247 —
727 233 753 256 1.
782 221 870 256 Iuris
897 221 1080 268 officiique
1119 222 1338 268 principium
1376 230 1428 256 est

309 278 378 313 lex:
404 278 462 312 lex
490 288 608 313 autem
640 291 702 325 per
729 281 922 315 essentiam
949 289 1001 315 est
1028 280 1086 315 lex
1111 289 1269 316 aeterna.
1299 299 1343 306 —
1369 281 1428 314 An

307 346 433 372 natura
453 339 652 380 rationalis,
681 340 801 385 potius
819 351 930 386 quam
956 339 1028 382 lex,
1047 341 1091 375 sit
1112 339 1269 386 primum
1298 340 1427 374 iurium

309 395 589 444 officiorumque
617 398 850 444 principium.
879 418 920 424 —-
951 409 982 433 2.
1001 399 1144 443 Utrum,
1170 400 1331 444 seposito
1351 399 1431 433 Deo

310 465 370 490 aut
397 456 477 501 lege
504 466 649 491 aeterna
677 459 818 500 reiecta,
845 458 959 504 possit
987 458 1030 493 de
1058 459 1192 493 iuribus
1231 458 1431 505 officiisque

310 515 493 562 disputari.
522 537 567 543 —-
593 518 651 552 An
679 518 733 552 ius
761 519 867 552 civile
893 518 936 552 sit
964 519 1129 552 omnium
1158 519 1286 552 iuriurn
1325 519 1431 564 origo

312 576 349 610 et
374 575 469 610 fons.
495 596 540 602 —
568 577 699 612 Utrum
726 578 853 612 iniuria
880 576 1080 613 formaliter
1099 586 1131 613 et
1150 579 1292 624 proprie
1318 579 1431 624 possit

310 634 448 670 auferre
476 637 540 671 ius.
567 656 611 662 -
630 639 688 671 An
716 638 770 671 ius
788 639 823 671 in
843 637 1018 672 materiali
1045 636 1139 671 facto
1168 638 1354 681 consistat,
1380 656 1425 664 -—

311 709 354 731 an
382 699 506 732 omnia
533 698 724 733 hominum
750 699 870 733 officia
896 700 967 734 sint
994 710 1131 734 nornen
1160 699 1279 742 inane,
1303 718 1352 725 —
1377 710 1422 733 an

312 758 437 791 omnia
462 756 622 791 humana
650 757 740 792 facta
768 759 840 792 vim
869 759 953 792 iuris
979 758 1136 793 habeant
1141 783 1427 793 ......
1505 758 1553 794 ib.

223 826 275 861 13.
303 816 511 851 Scholion.
539 836 583 843 —
611 817 742 852 Utrum
770 829 885 852 necne
924 819 978 852 ius
1015 827 1049 853 et
1087 817 1250 852 officium
1289 818 1357 852 sint
1384 838 1431 844 —-—

311 875 421 909 simul
445 886 610 921 ternpore
639 897 678 902 -
706 887 832 912 natura
857 896 901 903 —
927 877 1138 924 cognitione
1144 904 1424 912 ......
1503 875 1550 912 66

122 934 388 978 Amemus
422 936 475 978 V.
511 961 562 966 —
598 936 661 978 De
690 938 894 994 principio
928 937 1164 992 cognitionis
1206 937 1360 980 iurium
1400 945 1434 979 et

302 1007 1550 1064 officiorumw...........69

123 1078 305 1122 Thesis
338 1080 390 1122 V.
414 1103 471 1112 —
498 1079 738 1124 Ostenditur
773 1081 932 1123 iuriutn
964 1079 1262 1138 officiorumque
1295 1095 1434 1136 cogno-

304 1150 541 1193 scendorum
573 1152 838 1195 criterium..
903 1185 913 1194 .
978 1183 986 1192 .
1051 1185 1060 1194 .
1125 1185 1134 1194 .
1198 1184 1210 1194 .
1277 1184 1284 1192 .
1351 1187 1359 1193 .
1425 1186 1434 1195 .
1498 1151 1553 1195 ib.

226 1231 278 1263 14.
305 1222 625 1257 Demonstrati..
654 1242 700 1248 —
719 1222 913 1259 Criterium
943 1233 1070 1256 verum
1098 1223 1132 1255 in
1152 1222 1233 1268 lege
1260 1230 1313 1256 est
1332 1233 1435 1267 repo-

317 1281 491 1315 nendum.
516 1301 564 1308 —
590 1281 692 1316 Falsa
719 1280 894 1327 quaedam
923 1282 1065 1315 criteria
1091 1281 1312 1316 reiiciuntur.
1365 1309 1371 1315 .
1424 1309 1433 1317 .
1507 1281 1556 1318 ib.

228 1349 278 1382 15.
306 1340 517 1375 Scholion.
542 1360 585 1366 —
615 1342 669 1375 De
697 1340 909 1375 limitatione
937 1340 1080 1374 iurium:
1113 1360 1151 1366 —
1180 1349 1300 1374 utrum
1339 1340 1436 1374 limi·
1563 1330 1570 1333 ’

317 1400 405 1434 tatio
432 1401 579 1435 cuilibet
606 1400 672 1434 iuri
698 1400 859 1434 humano
888 1409 1083 1446 competat:
1107 1418 1154 1426 —-
1181 1400 1362 1435 undenam
1398 1400 1437 1434 li-

319 1461 440 1502 mites,
468 1461 598 1506 quibus
624 1461 679 1494 ius
705 1459 1024 1503 circumscribitur,
1043 1459 1207 1504 dignosci
1234 1468 1378 1505 queant.
1432 1487 1438 1493 .
1513 1468 1558 1504 72

128 1521 392 1564 AR'r1CULus
426 1521 503 1564 VI.
536 1531 594 1552 ’-
627 1521 689 1563 Dc
722 1519 905 1578 conflictu
936 1533 1004 1561 seu
1038 1519 1238 1562 collisione
1268 1519 1435 1561 iurium.
1501 1510 1559 1574 75⁷

129 1592 311 1636 Thesis
342 1593 417 1635 VI.
450 1618 509 1623 —
541 1592 797 1649 Explicatur,
830 1590 1030 1649 quidnam
1064 1591 1114 1633 sit
1156 1590 1198 1632 in
1245 1604 1440 1634 concursu

308 1662 465 1704 iurium
497 1660 712 1718 agendum,
745 1676 814 1704 seu
845 1661 1060 1704 cuiusnam
1108 1660 1212 1702 iuris
1257 1657 1441 1701 habenda

310 1729 1561 1777 sitratio.............ib.

229 1803 281 1840 16.
306 1805 624 1839 Praenotiones.
651 1823 695 1828 —
723 1804 763 1837 In
791 1803 867 1837 iure
893 1811 1013 1837 creato
1047 1803 1113 1837 tria
1153 1810 1235 1836 sunt
1273 1799 1440 1836 conside-

323 1864 446 1898 randa:
475 1883 520 1890 —
547 1863 715 1898 limitatio
748 1883 778 1888 —
814 1862 956 1896 collisio
983 1881 1027 1887 —
1050 1861 1190 1896 coactio
1195 1887 1440 1896 .....
1514 1859 1566 1896 ib.

233 1934 288 1969 17.
313 1924 632 1959 Demonstratio.
653 1941 695 1947 --
714 1922 829 1967 Saepe
848 1922 961 1963 datur,
980 1919 1289 1967 quemadmodum
1307 1918 1443 1964 legum,

326 1985 376 2019 sic
402 1985 511 2019 etiam
538 1983 669 2017 iurium
697 1983 790 2016 circa
817 1993 926 2015 unam
954 1982 1194 2026 eamdemqua
1221 1990 1297 2014 rem
1323 1978 1447 2013 confli-

326 2053 415 2079 ctus:
440 2064 487 2070 —
513 2044 572 2090 qui
611 2052 734 2077 tamen
774 2052 850 2075 non
890 2049 943 2074 est
982 2038 1196 2085 ontologice
1234 2049 1351 2081 verus,
1382 2037 1445 2072 sed

324 2112 465 2139 tanturn
502 2114 691 2150 apparens:
718 2120 762 2127 —
789 2101 880 2135 ratio
919 2098 1083 2133 habenda
1122 2108 1176 2133 est
1216 2098 1298 2132 iuris
1338 2096 1445 2141 illius,

327 2164 486 2210 quonn
514 2174 557 2197 eo
587 2171 762 2196 concursu
790 2169 905 2195 servat
931 2169 1035 2192 suum
1063 2158 1185 2192 robur.
1217 2177 1252 2183 —
1285 2155 1448 2202 Regulae

328 2223 372 2258 ad
399 2223 433 2257 id
460 2221 752 2268 dignoscendum
778 2219 967 2254 traduntur
970 2242 1448 2253 .........
1522 2213 1569 2260 76

234 2283 287 2318 18.
313 2282 525 2318 Scholion.
552 2300 597 2308 —
625 2281 754 2316 Utrum
782 2280 818 2313 in
845 2278 1036 2313 collisione
1063 2276 1196 2311 iuriurn
1225 2276 1278 2310 ius
1297 2274 1448 2310 debilius

330 2351 458 2384 cesset,
488 2354 531 2376 an
558 2342 678 2388 potius
703 2339 956 2385 suspendatur.
1021 2361 1447 2373 ........
1522 2333 1570 2368 80

138 2406 403 2448 ART1CULus
438 2401 536 2445 VH.
565 2426 623 2434 —
662 2401 719 2444 De
750 2401 793 2442 vi
827 2399 925 2441 iuris
957 2398 1149 2440 coactiva.
1215 2430 1225 2440 .
1289 2429 1300 2439 .
1366 2430 1374 2437 .
1437 2429 1446 2437 .
1514 2393 1570 2436 82

138 2476 320 2521 Thesis
350 2475 446 2518 VII.
478 2500 531 2505 —
570 2474 641 2516 Ius
674 2474 720 2515 vi
748 2471 871 2530 pollet
902 2469 1100 2526 coactiva,
1125 2476 1210 2510 tum
1242 2466 1297 2510 ad
1329 2468 1450 2523 impc-

321 2546 514 2590 diendum
547 2560 594 2588 ne
626 2543 830 2596 laedatur,
866 2551 953 2585 tum
983 2539 1044 2584 ad
1070 2538 1324 2597 exigendum
1341 2546 1387 2582 ut
1418 2537 1483 2581 si

322 2617 477 2661 laesum
510 2616 654 2659 iniuste
678 2614 811 2672 fuerit
843 2620 1072 2671 reparetur.
1149 2643 1157 2651 .
1222 2644 1230 2652 .
1294 2642 1305 2652 .
1368 2642 1379 2653 .
1443 2642 1452 2651 .
1516 2604 1574 2649 ib.

1432 2699 1476 2732 24
