1737 2802
760 121 1028 163 ..350-

163 217 210 248 et
244 203 536 261 praesentibus
569 202 779 246 adiunctis
813 201 863 245 ad
897 217 1028 245 unam
1072 201 1380 245 tantummodo
1428 198 1601 260 signifi-

172 276 385 318 cationem
420 273 770 330 determinatum,
805 288 986 330 eamque
1035 273 1171 316 menti
1221 272 1440 332 loquentis
1489 289 1602 318 con-

169 347 358 400 trariam,
392 345 472 387 etsi
519 359 593 402 per
631 343 792 402 aliquid
842 343 930 387 sola
980 356 1125 386 mente
1175 355 1392 387 retentum
1437 343 1603 389 efficere

164 417 307 474 possit
341 431 519 458 sensum
552 431 717 458 verum:
754 428 799 458 ut
833 416 866 458 si
903 415 986 472 ille,
1020 415 1091 473 qui
1126 416 1285 458 vitrum
1323 429 1428 458 mox
1462 415 1605 474 fregit,

168 501 297 544 neget
331 503 376 529 se
411 486 604 544 fregisse,
639 488 831 543 cogitans
865 502 975 529 anno
1010 487 1218 544 superiore
1251 487 1404 543 (1).—
1440 487 1604 530 Huius·

170 558 291 601 modi
326 559 537 601 restrictio
570 557 691 601 nullo
726 570 849 615 pacto
900 557 1040 601 differt
1074 574 1095 601 a
1129 557 1369 612 mendacio,
1405 570 1447 601 et
1494 573 1601 602 con-

171 642 397 687 sequenter
420 643 483 672 est
507 645 678 687 semper
711 629 871 685 illicita,
899 642 943 672 ut
967 645 1138 687 semper
1162 629 1362 673 illicitum
1387 644 1451 674 est
1475 646 1602 675 men-

172 701 359 744 dacium.

291 772 339 832 β)
365 774 596 818 Restrictio
630 786 773 816 autem
799 774 880 817 late
916 773 1114 816 mentalis
1149 786 1252 817 tunc
1284 773 1411 818 habet
1445 775 1606 828 locum,

165 860 272 888 -cum
305 848 525 903 expressio
559 858 652 888 tum
688 845 929 888 secundum
963 861 1008 888 se
1043 845 1326 904 considerata,
1361 859 1455 890 tum
1495 862 1604 890 con-

171 915 356 960 siderata
381 917 620 960 secundum
641 918 1000 973 circumstantias,
1018 930 1082 960 est
1105 918 1348 975 aequivoca:
1369 917 1470 962 hinc
1491 935 1513 962 a
1535 935 1606 963 me

170 987 373 1046 loquente
391 989 597 1046 accipitur
610 989 850 1031 secundum
865 1004 1042 1031 sensum
1057 1004 1227 1045 verum,
1245 988 1292 1032 ab
1307 988 1388 1032 alio
1407 989 1606 1034 audiente

171 1060 376 1117 accipitur
400 1059 640 1103 secundum
666 1075 843 1102 sensum
870 1058 1038 1102 falsum.
1059 1060 1270 1117 Exemplo
1285 1061 1339 1103 sit
1357 1062 1605 1118 responsio,

162 1147 300 1189 rquarn
326 1130 471 1174 ferunt
504 1144 698 1174 sanctum
740 1131 974 1189 quemdam
1007 1131 1168 1188 virum,
1192 1132 1369 1175 nomine
1402 1131 1632 1190 Felicem„

173 1203 355 1247 dedisse.
375 1205 414 1246 Is
432 1204 723 1260 interrogatus
743 1220 764 1246 a
783 1202 1051 1260 satellitibus,
1071 1204 1144 1261 qui
1169 1205 1314 1261 ipsum
1339 1220 1428 1248 non
1451 1217 1608 1248 norant

173 1287 214 1318 et
248 1275 298 1318 ad
333 1290 484 1317 necem
519 1275 791 1333 quaerebant,
817 1288 962 1318 utrum
986 1274 1166 1318 vidisset
1202 1274 1405 1332 Felicem,
1427 1290 1608 1333 respon-

174 1346 253 1404 dit,
285 1363 329 1390 se
362 1348 585 1390 neminem
620 1346 789 1390 felicem
824 1362 1106 1407 cognoscere.
1144 1348 1250 1400 Quo
1282 1361 1495 1404 responso
1533 1362 1606 1390 ac-

164 1431 317 1476 cepto,
354 1417 512 1461 milites
548 1418 755 1462 abierunt.
791 1419 854 1462 En
888 1419 1186 1476 aequivocatio
1221 1421 1332 1462 inter
1365 1419 1468 1462 haec
1502 1418 1607 1475 duo,

163 1490 326 1548 felicem
359 1493 522 1534 nomine
556 1504 597 1534 et
621 1491 785 1549 felicem
818 1507 872 1534 re.
898 1492 1098 1534 Iamvero
1132 1492 1348 1534 restrictio
1372 1491 1451 1535 late
1486 1507 1608 1534 men-

173 1561 268 1604 talis
302 1577 392 1604 non
426 1574 488 1604 est
523 1561 811 1606 mendacium:
849 1577 939 1604 non
972 1562 1089 1605 enim
1135 1575 1198 1605 est
1246 1562 1410 1605 locutio
1459 1574 1610 1605 contra

173 1646 380 1677 mentem.
433 1634 547 1677 Cum
597 1649 684 1676 non
734 1635 789 1675 sit
841 1632 1135 1687 mendacium,
1168 1645 1246 1688 est,
1288 1648 1377 1676 non
1427 1631 1607 1690 quidem

171 1715 338 1763 semper,
358 1704 432 1748 sed
456 1704 680 1763 aliquando
705 1705 831 1748 licita.
851 1730 904 1737 —
925 1705 1029 1748 Non
1053 1717 1116 1748 est
1139 1714 1291 1762 semper
1312 1703 1439 1747 licita.
1471 1704 1608 1748 «Non

174 1777 271 1820 licet
306 1777 504 1833 omnino,
529 1777 668 1834 inquit
702 1777 799 1820 Em.
824 1775 949 1820 Card.
976 1775 1234 1819 d’Annibale
1257 1775 1337 1835 (2),
1363 1777 1397 1819 si
1421 1775 1466 1818 id
1495 1788 1610 1819 vetet

165 1848 333 1892 {ustitia
362 1860 432 1890 aut
454 1847 560 1906 fides
594 1859 664 1890 aut
696 1849 866 1891 caritas.-
899 1847 1074 1900 iustitia,
1109 1859 1209 1904 puta
1251 1863 1351 1890 cum
1394 1847 1490 1904 quis
1538 1846 1610 1889 in-

177 1931 423 1976 terrogatur
456 1934 478 1961 a
510 1918 734 1976 superiore
768 1933 848 1960 suo
882 1918 950 1961 vel
1000 1919 1267 1976 magistratu,
1300 1932 1468 1963 servato
1517 1920 1610 1963 iure

177 2004 218 2034 et
252 1989 404 2033 ordine
439 1990 557 2032 iuris:
591 1988 713 2047 fides,
747 2001 793 2031 ut
826 1990 869 2031 in
905 1989 1213 2034 contractibus:
1248 1991 1410 2047 caritas,
1439 1992 1610 2049 quoties

178 2061 287 2105 foret
321 2062 439 2104 alteri
473 2062 660 2118 graviter
692 2061 942 2104 nocitura.»
999 2062 1050 2104 Et
1100 2077 1200 2105 sane
1234 2062 1269 2105 si
1318 2061 1477 2120 absque
1527 2061 1611 2106 ulla

178 2149 357 2191 prorsus
391 2148 513 2176 causa
549 2145 618 2175 aut
655 2148 753 2176 cum
793 2148 918 2175 causa
964 2132 1048 2175 levi
1095 2146 1278 2190 possent
1326 2146 1488 2177 temere
1536 2149 1611 2178 ae—

177 2205 502 2262 quivocationes
538 2204 615 2247 hae
659 2203 865 2257 adhiberi,
900 2204 985 2246 iam
1034 2220 1084 2246 ex
1134 2205 1324 2262 ipsarum
1373 2204 1611 2263 frequentia

179 2288 321 2318 actum
372 2288 482 2318 esset
520 2274 571 2317 de
620 2287 770 2317 mutua
818 2273 989 2329 fiducia,
1026 2287 1066 2317 et
1112 2291 1187 2332 per
1237 2291 1507 2334 consequens
1557 2275 1610 2319 de

275 2513 324 2556 (1)
355 2513 409 2547 Cf.
436 2513 628 2560 Zallinger,
658 2514 814 2550 institut.
842 2516 926 2550 iuris
955 2524 1028 2550 nat.
1055 2516 1077 2550 1.
1109 2527 1139 2551 1.
1167 2527 1270 2551 num.
1297 2516 1353 2552 88.
1380 2527 1475 2562 seqq.

275 2571 333 2615 (2)
360 2571 501 2607 Summ.
527 2573 577 2608 th.
604 2584 696 2608 mor.
724 2585 759 2619 p.
789 2573 832 2609 11.
859 2585 962 2610 num.
994 2584 1075 2621 300.
1103 2586 1155 2622 sq.
