1737 2802
790 117 1048 170 -255-

205 224 313 254 esset
348 226 424 267 pro
461 225 546 253 uno
581 225 762 253 nummo
797 223 998 267 argenteo
1033 209 1257 253 hominem
1303 210 1512 268 periinere
1548 209 1634 269 (1);

207 283 279 326 sed
316 282 468 326 debere
502 298 595 326 esse
631 298 710 340 pro
745 299 787 325 re
822 284 963 340 magni
998 281 1212 326 valoris.»

326 354 520 406 Quaeres
547 354 626 412 3⁰.)
661 370 710 396 an
735 354 856 397 liceat
879 356 986 397 tueri
1013 355 1301 411 integritatem
1327 355 1625 399 membrorum

208 441 303 468 cuin
354 426 571 468 occisione
620 426 768 468 iniusti
817 426 1119 483 aggressoris?
1170 452 1225 457 -—
1265 426 1525 484 Respondeo
1576 427 1636 471 af-

207 495 420 539 firmative
456 513 553 539 curn
579 498 802 540 communi
838 499 1045 540 sententia
1069 509 1215 540 contra
1246 513 1421 555 paucos.
1459 517 1482 540 «
1502 500 1631 544 Ratio

209 582 285 626 est,
320 570 459 627 inquit
509 570 633 626 Gury
667 569 750 627 (2),
800 570 898 627 quia
946 571 1129 627 quisque
1164 569 1228 611 ius
1264 568 1387 612 habet
1435 569 1631 628 servandi

210 639 375 683 bonum
411 640 487 683 sibi
522 642 707 683 maxime
742 640 792 684 ad
841 642 969 684 vitam
1020 642 1325 699 necessarium,
1359 644 1487 686 etiam
1535 659 1636 686 cum·

210 712 401 771 periculo
435 714 543 755 vitae
592 711 774 761 alterius,
814 712 947 755 modo
997 712 1109 755 aliud
1155 712 1346 756 medium
1398 712 1523 771 desit,
1556 730 1635 758 nec

211 799 330 827 mors
381 785 645 840 aggressoris
698 783 999 827 intendatur.»
1052 783 1189 838 Adde,
1239 786 1336 828 sciri
1385 786 1455 828 vix
1493 801 1635 844 posse,

213 868 358 900 utrum
394 870 526 898 necne
565 855 777 898 mutilatio
813 855 1009 913 membri,
1045 857 1293 913 praesertim
1327 873 1349 900 e
1383 858 1642 916 praecipuis,

213 939 311 985 post
345 942 389 969 se
424 926 559 969 trahat
594 926 832 984 periculum
869 927 1034 970 mortis.
1082 927 1263 985 Insuper
1309 927 1474 971 bonum
1524 929 1641 972 inte-

214 998 381 1056 gritatis
416 997 715 1041 membrorum
749 997 973 1057 (idemque
1022 998 1087 1041 dic
1136 998 1187 1042 de
1221 998 1336 1044 bono
1387 999 1637 1060 pudicitiae)

211 1082 274 1113 est
310 1070 593 1126 praestantius
627 1068 750 1112 bonis
785 1069 994 1113 fortunae:
1022 1074 1056 1113 si
1092 1085 1195 1127 ergo
1229 1070 1325 1114 licet
1360 1071 1480 1125 haec,
1505 1087 1527 1114 a
1548 1071 1636 1115 for—

209 1142 307 1184 tiori
342 1140 483 1183 licebit
517 1140 620 1183 illud
656 1139 896 1198 defendere,
929 1142 1055 1184 etiam
1095 1157 1193 1184 cum
1243 1143 1478 1198 occisione,
1510 1143 1546 1187 si
1595 1143 1637 1187 id

210 1227 382 1256 necesse
416 1212 484 1265 sit,
519 1212 664 1255 iniusti
700 1213 982 1269 aggressoris.

331 1284 526 1337 Quaeres
551 1283 635 1342 4⁰.)
669 1299 718 1326 an
754 1283 875 1327 liceat
900 1285 1026 1327 etiarn
1061 1286 1171 1328 tueri
1195 1285 1413 1330 honorem
1443 1301 1542 1329 cum
1566 1302 1641 1330 oc-

210 1357 372 1399 cisione
406 1356 651 1398 invasoris?
684 1382 740 1387 —
775 1356 833 1398 Ut
882 1372 931 1398 ex
965 1371 997 1399 5.
1032 1356 1259 1414 Alphonso
1293 1358 1352 1413 (3)
1386 1370 1506 1401 notat
1539 1357 1641 1402 Bal-

208 1427 333 1471 lerini
367 1428 440 1485 (4),
476 1426 682 1484 distingui
717 1426 859 1480 debet,
886 1427 1066 1470 verbisne
1088 1440 1254 1471 tantum
1280 1444 1331 1472 an
1356 1429 1483 1472 etiam
1507 1429 1635 1488 factis

210 1501 374 1543 invasio
411 1499 591 1542 honoris
626 1498 709 1542 fiat.
746 1500 857 1543 Nam
893 1505 935 1551 α)
970 1500 1004 1542 5ἰ
1039 1498 1090 1543 de
1125 1499 1257 1544 verbis
1280 1513 1443 1558 agatur,
1467 1513 1507 1544 et
1530 1518 1568 1545 v.
1593 1516 1641 1558 g..

209 1574 301 1615 viro
336 1572 550 1614 honorato
602 1570 913 1614 contumeliose
963 1571 1137 1625 dicatur,
1172 1573 1371 1628 mentiris,
1403 1571 1524 1616 aliter
1573 1588 1641 1616 re·

208 1643 307 1702 pelli
341 1644 495 1686 iniuria
529 1655 685 1700 potest,
720 1641 843 1685 debet
876 1655 916 1685 et
950 1642 1071 1686 solet:
1106 1655 1146 1686 et
1179 1644 1402 1701 percussio
1435 1655 1506 1686 aut
1537 1641 1638 1687 vul-

208 1716 371 1758 neratio
406 1730 493 1757 non
528 1713 792 1757 defensionis
826 1714 901 1757 sed
943 1713 1153 1757 vindictae
1202 1715 1413 1758 rationem
1462 1713 1635 1759 haberet

208 1785 354 1844 (idque
389 1800 478 1829 non
501 1783 636 1828 modo
661 1797 777 1829 extra
811 1783 1017 1841 duellum,
1041 1784 1116 1829 sed
1150 1786 1298 1838 etiam,
1322 1786 1459 1830 immo
1493 1785 1633 1830 multo

209 1857 347 1914 magis
383 1857 423 1899 in
458 1855 634 1909 duello).
670 1856 715 1900 Si
746 1871 850 1898 vero
883 1855 931 1915 β)
954 1856 1085 1913 factis
1119 1855 1260 1901 honor
1293 1858 1538 1916 impetatur,
1562 1857 1635 1900 ali-

208 1941 273 1972 ter
306 1927 581 1971 iudicandum
616 1940 679 1970 est
711 1927 755 1970 de
789 1943 830 1971 re
860 1936 947 1985 post
971 1927 1159 1985 factum;
1192 1928 1311 1972 aliter
1343 1928 1633 1987 antefactum.

209 2001 363 2044 Laesio
397 2000 512 2042 enim
537 2012 634 2057 post
667 1998 843 2051 factum,
869 1999 949 2042 nisi
973 2011 1120 2056 agatur
1153 1999 1203 2043 de
1228 2000 1500 2058 correptione
1535 2015 1635 2043 curn

209 2072 352 2129 pueris
387 2084 428 2114 et
459 2070 548 2114 aliis
583 2070 836 2114 huiusmodi
869 2070 1121 2128 adhibenda,
1155 2070 1262 2114 ultio
1296 2083 1406 2115 esset
1438 2085 1529 2115 non
1561 2087 1635 2114 au-

208 2155 296 2185 tern
345 2141 537 2185 defensio
572 2140 716 2200 (idque
750 2156 898 2184 rursus
949 2140 1213 2185 non'modo
1263 2152 1380 2186 extra
1428 2139 1640 2199 duellum,

209 2213 284 2257 sed
332 2215 475 2271 etiam,
508 2214 646 2257 imino
680 2229 701 2256 a
734 2211 903 2256 fortiori
947 2214 989 2255 in
1038 2212 1212 2270 duello).
1251 2213 1295 2257 Si
1330 2226 1433 2256 vero
1482 2228 1550 2256 res
1583 2211 1636 2256 de

303 2396 358 2442 (1)
385 2397 479 2431 Vide
506 2408 623 2443 super.
650 2397 742 2432 thes.
769 2397 848 2432 VII.
868 2409 948 2444 pag.
966 2397 1021 2433 86.
1049 2401 1083 2433 e't
1110 2397 1179 2442 87.,
1201 2397 1409 2444 praesertim
1435 2397 1558 2432 adnot,
1582 2403 1642 2432 1¹²¹-

303 2455 358 2502 (2)
384 2456 471 2491 Loc.
500 2464 532 2490 et
561 2467 660 2491 num.
689 2468 784 2491 nunc
811 2457 872 2491 cit.

305 2515 362 2560 (3)
390 2514 523 2549 Theol.
550 2526 641 2550 mor.
667 2515 727 2550 lib.
756 2526 786 2561 3.
814 2527 848 2551 n.
878 2514 955 2558 387.
984 2524 1017 2550 et
1047 2524 1123 2561 391.

308 2573 361 2620 (4)
387 2574 426 2608 In
453 2573 578 2610 adnot.
605 2573 648 2608 ad
676 2586 772 2609 num¹
804 2574 883 2620 388.
909 2583 999 2610 torn.
1029 2585 1056 2610 1.
1081 2574 1192 2611 theol.
1220 2585 1312 2610 mor.
1339 2586 1369 2621 p.
1398 2574 1510 2621 Gury.
