1737 2802
626 101 923 171 .—15—

95 215 212 259 citer.
244 213 414 256 Dicitur
443 211 594 269 primo,
626 209 744 268 quod
791 222 854 254 est
886 210 1113 267 legitimum
1156 225 1230 253 seu
1279 209 1519 254 secundum

91 285 250 342 legem,
285 282 332 326 τὸ
365 279 586 341 νόμιμονε
624 280 778 325 dicitur
811 280 1015 335 secund0‚
1059 280 1178 338 quod
1226 293 1289 324 est
1334 282 1519 339 aequale,

93 356 142 399 τὸ
177 354 285 408 ἴσον,
313 354 432 398 alteri
463 353 656 396 debitum.
681 353 875 396 Iamvero
900 354 942 395 in
966 353 1030 409 iis,
1057 351 1108 396 de
1131 352 1285 410 quibus
1311 353 1518 410 diximus,

94 442 141 471 ac
173 425 384 470 similibus
426 423 717 468 locutionibus
767 425 831 466 ius
882 440 1020 482 saepe,
1063 424 1201 466 immo
1252 423 1517 481 frequentius

95 500 299 557 accipitur
332 499 414 555 pro'
445 498 562 550 insto,
596 508 769 553 accepto
803 512 891 538 non
926 495 1069 539 solum
1102 496 1248 553 primo
1283 494 1354 538 illo
1389 511 1517 539 sensu

94 568 365 628 generaliori‚
400 567 474 611 sed
507 569 635 610 etiam
669 567 806 610 sensu*
832 566 963 609 altero
990 566 1177 624 speciali,
1212 567 1237 609 i.
1272 583 1307 610 e.
1341 579 1516 624 accepto

93 655 182 684 non
215 640 358 684 solum
392 639 629 696 generatim
663 654 741 696 pro
776 638 963 695 legitimo,
998 637 1072 681 sed
1119 638 1245 681 etiam
1295 638 1516 695 speciatim

95 725 173 770 pro
205 710 368 769 aequali
400 708 545 752 debito
578 709 712 753 alteri.
739 709 811 752 Sic
833 724 867 751 e.
894 723 934 765 g.
961 707 1131 765 quando
1156 708 1336 751 dicimus
1362 722 1517 765 opera-

95 783 210 826 rium
243 781 436 825 obtinere
469 781 534 823 ius
568 795 711 833 suum,
745 778 828 822 hoc
862 794 960 823 sane
994 778 1289 835 intelligimus,
1312 794 1413 821 eum
1445 794 1518 821 cze-

91 853 253 912 qualem
285 853 403 910 operi
437 867 458 895 a
490 867 534 895 se
573 853 715 909 posito
767 849 1009 909 mercedem
1059 865 1133 893 seu
1182 849 1513 893 retributionem

94 926 281 983 recipere
303 925 378 983 (1).
414 925 522 967 Item
557 923 728 981 quando
764 922 946 965 dicimus
981 921 1184 965 eumdem
1219 922 1418 979 persequi
1450 921 1516 963 ius

93 1011 242 1048 suum,
278 995 361 1039 hoc
394 994 588 1053 profecto
622 994 922 1051 intelligimus,
959 1009 1059 1037 eum
1095 1008 1239 1036 coram
1274 993 1386 1036 civili
1435 993 1516 1035 tri-

93 1067 236 1111 bunali
259 1067 522 1125 stipendium
546 1082 718 1124 aequum
742 1078 932 1124 repetere
958 1067 982 1109 i.
1007 1082 1042 1108 e.
1068 1066 1517 1123 recompensationem

95 1140 268 1196 exigere
302 1140 499 1181 maiorem
532 1137 614 1191 illa,
648 1153 777 1196 quam
812 1138 983 1195 accepit,
1019 1152 1235 1195 quamque
1269 1137 1390 1194 operi
1424 1152 1446 1179 a
1473 1152 1517 1180 se

95 1211 299 1269 praestito
335 1209 590 1268 inaequalem
628 1224 720 1252 esse
768 1208 988 1252 contendit
1011 1208 1095 1266 (2).
1130 1209 1246 1252 Haec
1294 1208 1371 1251 alia
1412 1209 1516 1251 iuris

95 1281 285 1338 acceptio
319 1279 551 1337 respondet
583 1296 628 1323 ac
661 1279 771 1324 favet
794 1280 1083 1337 etymologiae
1107 1279 1165 1322 illi
1193 1279 1324 1332 alteri,
1349 1294 1432 1336 qua
1453 1280 1517 1322 ius

95 1350 253 1395 dicitur
285 1366 365 1409 pro
401 1352 511 1395 insto.

93 1617 291 1664 inaequalis
317 1629 380 1663 per
407 1617 603 1658 defectum,
631 1629 673 1652 eo
703 1617 799 1664 quod
826 1626 943 1652 sumat
971 1617 1037 1652 sibi
1065 1618 1182 1652 minus
1209 1617 1252 1651 de
1279 1617 1393 1652 malis.
1422 1618 1516 1652 Pro-

91 1677 344 1723 portionaliter
369 1677 478 1723 igitur
502 1678 617 1711 iustus
659 1677 789 1711 dicitur
826 1676 1027 1722 dupliciter.
1067 1677 1189 1710 Primo
1233 1677 1365 1712 dicitur
1393 1676 1517 1719 iustus,

93 1737 151 1782 qui
179 1735 318 1781 legibus
345 1737 583 1782 obtemperat,
611 1736 770 1770 secundo
798 1735 925 1770 dicitur
961 1737 1073 1770 iustus
1100 1737 1160 1782 qui
1200 1745 1251 1771 est
1278 1736 1445 1782 aequalis,
1474 1747 1516 1770 eo

93 1794 188 1841 quod
217 1806 332 1841 neque
360 1795 402 1828 de
429 1795 533 1829 bonis
559 1804 677 1829 sumat
704 1795 771 1829 sibi
797 1795 886 1841 plus,
912 1807 1030 1842 neque
1056 1795 1099 1829 de
1126 1796 1232 1830 malis
1258 1797 1390 1831 minus.
1418 1796 1518 1831 Sicut

92 1854 206 1888 iustus
232 1862 264 1888 et
292 1853 443 1887 iniustus
472 1853 600 1888 dicitur
626 1853 828 1899 dupliciter,
855 1854 904 1887 sic
932 1854 1067 1888 iustum
1097 1863 1130 1889 et
1156 1855 1326 1889 iniustum
1348 1854 1517 1888 dicuntur

94 1913 295 1960 dupliciter.
321 1914 443 1949 Pr÷mo
465 1913 592 1948 dicitur
619 1915 762 1956 iustum,
790 1914 884 1960 quod
913 1923 965 1948 est
994 1914 1201 1960 legitimum
1228 1925 1291 1949 seu
1318 1914 1516 1948 secundum

93 1971 233 2019 legem:
263 1973 424 2007 secundo
451 1973 580 2007 dicitur
606 1974 752 2014 iustum,
779 1972 874 2020 quod
902 1982 954 2007 est
983 1974 1132 2019 aequale
1152 1987 1183 2007 ».

190 2032 248 2077 (1)
275 2032 332 2067 Sic
361 2032 456 2078 apud
482 2032 611 2067 Matth.
638 2033 718 2066 XX.
745 2043 794 2074 4.,
822 2031 1079 2078 paterfamilias
1121 2033 1307 2078 operarios
1333 2036 1456 2066 stantes
1482 2032 1516 2065 in

88 2090 170 2136 soro
197 2091 317 2125 otiosos
342 2091 441 2125 hisce
468 2091 585 2126 verbis
615 2090 823 2136 compellat:
855 2104 871 2122 «
894 2091 945 2124 Ite
973 2099 1005 2124 et
1042 2101 1107 2125 vos
1141 2091 1177 2124 in
1214 2091 1356 2124 vineam
1394 2101 1516 2124 meam

95 2157 130 2184 et
156 2149 252 2196 quod
278 2150 401 2199 iustam
430 2149 535 2184 fuerit
563 2150 655 2184 dabo
683 2150 838 2184 vobis».

188 2208 243 2254 (2)
270 2209 364 2244 Vide
391 2210 514 2244 locum
541 2210 763 2252 Aristotelis,
791 2221 916 2256 magn.
942 2210 1034 2244 Mor.
1062 2209 1088 2244 1.
1118 2220 1184 2254 34,
1220 2220 1337 2254 super.
1364 2208 1516 2243 allatum

94 2267 167 2303 vol.
194 2268 220 2303 I.
247 2280 325 2315 pag.
354 2269 451 2312 446:
482 2284 499 2300 «
521 2269 696 2304 Iniustum
726 2269 915 2316 inaequale
942 2279 1005 2304 est.
1034 2269 1158 2314 Quum
1198 2268 1295 2303 enim
1335 2269 1517 2302 bonorum

94 2327 233 2362 maiora
259 2328 325 2364 sibi
352 2327 579 2371 adsciverint,
606 2328 788 2363 malorum
814 2339 900 2363 vero
930 2329 1081 2370 minora,
1108 2327 1143 2361 id
1178 2336 1230 2362 est
1267 2326 1449 2374 inaequale
1482 2336 1517 2361 et

94 2385 164 2421 hoc
191 2386 304 2421 modo
331 2386 458 2422 iniuria
486 2387 628 2423 afficere
654 2399 691 2423 se
718 2387 809 2422 alios
848 2387 1012 2434 afficique
1050 2387 1117 2433 ipsi
1155 2388 1198 2422 ab
1237 2387 1316 2421 aliis
1348 2386 1517 2421 homines

94 2454 273 2491 putantur.
291 2447 375 2481 Non
402 2446 550 2482 dubium
578 2447 698 2494 igitur,
726 2459 835 2494 quum
862 2448 906 2483 sit
926 2447 1055 2482 iniuria
1075 2448 1110 2480 in
1133 2447 1237 2481 rebus
1256 2445 1517 2492 inaequalibus,

97 2506 178 2552 quia
205 2506 339 2541 iustitia
365 2515 398 2540 et
426 2507 556 2542 iustum
586 2508 620 2541 in
666 2516 917 2542 contractuum
962 2507 1140 2553 aequitate
1182 2506 1257 2540 sive
1301 2504 1518 2551 aequalitate

96 2565 270 2601 consistat
289 2581 320 2601 ».
