<?xml version="1.0" encoding="UTF-8"?>
<!DOCTYPE html PUBLIC "-//W3C//DTD XHTML 1.0 Transitional//EN"
    "http://www.w3.org/TR/xhtml1/DTD/xhtml1-transitional.dtd">
<html xmlns="http://www.w3.org/1999/xhtml" xml:lang="en" lang="en">
 <head>
  <title>
</title>
<meta http-equiv="Content-Type" content="text/html;charset=utf-8" />
  <meta name='ocr-system' content='tesseract 3.04.00' />
  <meta name='ocr-capabilities' content='ocr_page ocr_carea ocr_par ocr_line ocrx_word'/>
</head>
<body>
  <div class='ocr_page' id='page_1' title='image "./institutionesphi02ferr_0222.png"; bbox 0 0 1737 2802; ppageno 0'>
   <div class='ocr_carea' id='block_1_1' title="bbox 721 110 989 142">
    <p class='ocr_par' dir='ltr' id='par_1_1' title="bbox 721 110 989 142">
     <span class='ocr_line' id='line_1_1' title="bbox 721 110 989 142; baseline 0.004 -1"><span class='ocrx_word' id='word_1_1' title='bbox 721 110 989 142; x_wconf 89' lang='lat'>-210—</span> 
     </span>
    </p>
   </div>
   <div class='ocr_carea' id='block_1_2' title="bbox 138 191 1567 543">
    <p class='ocr_par' dir='ltr' id='par_1_2' title="bbox 138 191 1567 543">
     <span class='ocr_line' id='line_1_2' title="bbox 138 191 1565 252; baseline 0 -14"><span class='ocrx_word' id='word_1_2' title='bbox 138 195 400 238; x_wconf 78' lang='lat' dir='ltr'><strong><em>intrinsecam</em></strong></span> <span class='ocrx_word' id='word_1_3' title='bbox 433 208 508 236; x_wconf 87' lang='lat' dir='ltr'>seu</span> <span class='ocrx_word' id='word_1_4' title='bbox 542 191 683 237; x_wconf 82' lang='lat' dir='ltr'>obiecti</span> <span class='ocrx_word' id='word_1_5' title='bbox 715 192 887 237; x_wconf 81' lang='lat' dir='ltr'>alteram</span> <span class='ocrx_word' id='word_1_6' title='bbox 922 195 1189 238; x_wconf 75' lang='lat' dir='ltr'><em>extrinsecam</em></span> <span class='ocrx_word' id='word_1_7' title='bbox 1221 210 1297 238; x_wconf 90' lang='lat' dir='ltr'>seu</span> <span class='ocrx_word' id='word_1_8' title='bbox 1330 194 1565 252; x_wconf 81' lang='lat' dir='ltr'>testimonii,</span> 
     </span>
     <span class='ocr_line' id='line_1_3' title="bbox 141 265 1567 326; baseline 0.001 -17"><span class='ocrx_word' id='word_1_9' title='bbox 141 265 443 323; x_wconf 82' lang='lat' dir='ltr'>duplicemque</span> <span class='ocrx_word' id='word_1_10' title='bbox 478 266 793 323; x_wconf 83' lang='lat' dir='ltr'>cognitionem,</span> <span class='ocrx_word' id='word_1_11' title='bbox 827 265 1003 310; x_wconf 86' lang='lat' dir='ltr'>alteram</span> <span class='ocrx_word' id='word_1_12' title='bbox 1031 267 1245 325; x_wconf 83' lang='lat' dir='ltr'><em>propriam</em></span> <span class='ocrx_word' id='word_1_13' title='bbox 1277 282 1353 310; x_wconf 90' lang='lat' dir='ltr'>seu</span> <span class='ocrx_word' id='word_1_14' title='bbox 1395 265 1567 326; x_wconf 82' lang='lat' dir='ltr'>quiddi-</span> 
     </span>
     <span class='ocr_line' id='line_1_4' title="bbox 139 336 1566 397; baseline 0.001 -16"><span class='ocrx_word' id='word_1_15' title='bbox 139 339 319 381; x_wconf 85' lang='lat' dir='ltr'>tativam</span> <span class='ocrx_word' id='word_1_16' title='bbox 352 336 525 380; x_wconf 85' lang='lat' dir='ltr'>alteram</span> <span class='ocrx_word' id='word_1_17' title='bbox 561 338 827 396; x_wconf 81' lang='lat' dir='ltr'><em>impropriam</em></span> <span class='ocrx_word' id='word_1_18' title='bbox 860 354 935 381; x_wconf 87' lang='lat' dir='ltr'>seu</span> <span class='ocrx_word' id='word_1_19' title='bbox 974 338 1240 396; x_wconf 70' lang='lat' dir='ltr'><strong><em>analogicum.</em></strong></span> <span class='ocrx_word' id='word_1_20' title='bbox 1291 339 1359 382; x_wconf 91' lang='lat' dir='ltr'>De</span> <span class='ocrx_word' id='word_1_21' title='bbox 1407 338 1566 397; x_wconf 85' lang='lat' dir='ltr'>quibus</span> 
     </span>
     <span class='ocr_line' id='line_1_5' title="bbox 140 407 1566 470; baseline 0.002 -18"><span class='ocrx_word' id='word_1_22' title='bbox 140 407 486 452; x_wconf 75' lang='lat' dir='ltr'>distinctionibus</span> <span class='ocrx_word' id='word_1_23' title='bbox 521 424 619 452; x_wconf 90' lang='lat' dir='ltr'>cum</span> <span class='ocrx_word' id='word_1_24' title='bbox 643 409 726 451; x_wconf 80' lang='lat' dir='ltr'>iam</span> <span class='ocrx_word' id='word_1_25' title='bbox 762 409 889 467; x_wconf 78' lang='lat' dir='ltr'>paulo</span> <span class='ocrx_word' id='word_1_26' title='bbox 913 422 1009 453; x_wconf 87' lang='lat' dir='ltr'>ante</span> <span class='ocrx_word' id='word_1_27' title='bbox 1038 409 1276 454; x_wconf 77' lang='lat' dir='ltr'>dixerimus</span> <span class='ocrx_word' id='word_1_28' title='bbox 1301 410 1386 470; x_wconf 90' lang='lat'>(1),</span> <span class='ocrx_word' id='word_1_29' title='bbox 1411 425 1566 469; x_wconf 87' lang='lat' dir='ltr'>operae</span> 
     </span>
     <span class='ocr_line' id='line_1_6' title="bbox 139 481 1562 543; baseline 0.003 -20"><span class='ocrx_word' id='word_1_30' title='bbox 139 481 324 539; x_wconf 87' lang='lat' dir='ltr'>pretium</span> <span class='ocrx_word' id='word_1_31' title='bbox 360 496 447 524; x_wconf 89' lang='lat' dir='ltr'>non</span> <span class='ocrx_word' id='word_1_32' title='bbox 480 493 560 539; x_wconf 90' lang='lat' dir='ltr'>est,</span> <span class='ocrx_word' id='word_1_33' title='bbox 581 481 741 525; x_wconf 89' lang='lat' dir='ltr'>diutius</span> <span class='ocrx_word' id='word_1_34' title='bbox 776 483 820 525; x_wconf 89' lang='lat' dir='ltr'>in</span> <span class='ocrx_word' id='word_1_35' title='bbox 845 482 894 524; x_wconf 88' lang='lat' dir='ltr'>iis</span> <span class='ocrx_word' id='word_1_36' title='bbox 929 481 1188 540; x_wconf 84' lang='lat' dir='ltr'>explicandis</span> <span class='ocrx_word' id='word_1_37' title='bbox 1221 483 1445 527; x_wconf 86' lang='lat' dir='ltr'>immorari</span> <span class='ocrx_word' id='word_1_38' title='bbox 1477 482 1562 543; x_wconf 88' lang='lat'><strong>(2).</strong></span> 
     </span>
    </p>
   </div>
   <div class='ocr_carea' id='block_1_3' title="bbox 389 755 1326 802">
    <p class='ocr_par' dir='ltr' id='par_1_3' title="bbox 389 755 1326 802">
     <span class='ocr_line' id='line_1_7' title="bbox 389 755 1326 802; baseline 0.002 -12"><span class='ocrx_word' id='word_1_39' title='bbox 389 757 418 802; x_wconf 67' lang='lat' dir='ltr'>g.</span> <span class='ocrx_word' id='word_1_40' title='bbox 446 755 515 790; x_wconf 93' lang='lat' dir='ltr'>IV.</span> <span class='ocrx_word' id='word_1_41' title='bbox 545 756 603 790; x_wconf 89' lang='lat' dir='ltr'>De</span> <span class='ocrx_word' id='word_1_42' title='bbox 629 756 829 800; x_wconf 85' lang='lat' dir='ltr'>religione</span> <span class='ocrx_word' id='word_1_43' title='bbox 855 757 1032 790; x_wconf 84' lang='lat' dir='ltr'>naturali</span> <span class='ocrx_word' id='word_1_44' title='bbox 1058 766 1106 791; x_wconf 89' lang='lat' dir='ltr'>ac</span> <span class='ocrx_word' id='word_1_45' title='bbox 1130 757 1326 792; x_wconf 85' lang='lat' dir='ltr'>revelata.</span> 
     </span>
    </p>
   </div>
   <div class='ocr_carea' id='block_1_4' title="bbox 691 946 1014 990">
    <p class='ocr_par' dir='ltr' id='par_1_4' title="bbox 691 946 1014 990">
     <span class='ocr_line' id='line_1_8' title="bbox 691 946 1014 990; baseline 0 0"><span class='ocrx_word' id='word_1_46' title='bbox 691 946 858 990; x_wconf 68' lang='lat' dir='ltr'>Tinzsis</span> <span class='ocrx_word' id='word_1_47' title='bbox 893 947 1014 990; x_wconf 86' lang='lat' dir='ltr'>XIX.</span> 
     </span>
    </p>
   </div>
   <div class='ocr_carea' id='block_1_5' title="bbox 135 1077 1566 1353">
    <p class='ocr_par' dir='ltr' id='par_1_5' title="bbox 135 1077 1566 1353">
     <span class='ocr_line' id='line_1_9' title="bbox 135 1077 1566 1138; baseline 0.002 -17"><span class='ocrx_word' id='word_1_48' title='bbox 135 1078 204 1121; x_wconf 83' lang='lat' dir='ltr'>Ex</span> <span class='ocrx_word' id='word_1_49' title='bbox 234 1077 348 1122; x_wconf 77' lang='lat' dir='ltr'>dictis</span> <span class='ocrx_word' id='word_1_50' title='bbox 379 1080 655 1136; x_wconf 69' lang='lat' dir='ltr'>consequitur,</span> <span class='ocrx_word' id='word_1_51' title='bbox 691 1080 854 1122; x_wconf 63' lang='lat' dir='ltr'>existere</span> <span class='ocrx_word' id='word_1_52' title='bbox 878 1079 1106 1136; x_wconf 79' lang='lat' dir='ltr'>religionem</span> <span class='ocrx_word' id='word_1_53' title='bbox 1129 1079 1364 1123; x_wconf 70' lang='lat' dir='ltr'>naturalem</span> <span class='ocrx_word' id='word_1_54' title='bbox 1387 1079 1566 1138; x_wconf 84' lang='lat' dir='ltr'>firmiter</span> 
     </span>
     <span class='ocr_line' id='line_1_10' title="bbox 255 1149 1564 1209; baseline 0.002 -17"><span class='ocrx_word' id='word_1_55' title='bbox 255 1149 305 1192; x_wconf 85' lang='lat' dir='ltr'>ab</span> <span class='ocrx_word' id='word_1_56' title='bbox 338 1149 495 1192; x_wconf 66' lang='lat' dir='ltr'>homine</span> <span class='ocrx_word' id='word_1_57' title='bbox 529 1150 852 1206; x_wconf 71' lang='lat' dir='ltr'>custodiendam,</span> <span class='ocrx_word' id='word_1_58' title='bbox 887 1152 952 1194; x_wconf 78' lang='lat' dir='ltr'>cui</span> <span class='ocrx_word' id='word_1_59' title='bbox 998 1153 1035 1194; x_wconf 84' lang='lat' dir='ltr'>si</span> <span class='ocrx_word' id='word_1_60' title='bbox 1081 1151 1256 1204; x_wconf 77' lang='lat' dir='ltr'>accedat,</span> <span class='ocrx_word' id='word_1_61' title='bbox 1296 1159 1337 1194; x_wconf 83' lang='lat' dir='ltr'>ut</span> <span class='ocrx_word' id='word_1_62' title='bbox 1379 1151 1564 1209; x_wconf 79' lang='lat' dir='ltr'>possibile</span> 
     </span>
     <span class='ocr_line' id='line_1_11' title="bbox 253 1223 1566 1282; baseline 0.002 -18"><span class='ocrx_word' id='word_1_63' title='bbox 253 1236 300 1265; x_wconf 84' lang='lat' dir='ltr'>ac</span> <span class='ocrx_word' id='word_1_64' title='bbox 346 1223 586 1265; x_wconf 77' lang='lat' dir='ltr'>conveniens</span> <span class='ocrx_word' id='word_1_65' title='bbox 635 1231 708 1274; x_wconf 78' lang='lat' dir='ltr'>est,</span> <span class='ocrx_word' id='word_1_66' title='bbox 745 1223 880 1279; x_wconf 76' lang='lat' dir='ltr'>religio</span> <span class='ocrx_word' id='word_1_67' title='bbox 927 1224 1126 1276; x_wconf 77' lang='lat' dir='ltr'>revelata,</span> <span class='ocrx_word' id='word_1_68' title='bbox 1165 1224 1258 1267; x_wconf 83' lang='lat' dir='ltr'>haec</span> <span class='ocrx_word' id='word_1_69' title='bbox 1304 1239 1460 1282; x_wconf 80' lang='lat' dir='ltr'>quoque</span> <span class='ocrx_word' id='word_1_70' title='bbox 1507 1233 1566 1267; x_wconf 83' lang='lat' dir='ltr'>est</span> 
     </span>
     <span class='ocr_line' id='line_1_12' title="bbox 251 1291 1562 1353; baseline 0.003 -19"><span class='ocrx_word' id='word_1_71' title='bbox 251 1291 368 1349; x_wconf 77' lang='lat' dir='ltr'>pleno</span> <span class='ocrx_word' id='word_1_72' title='bbox 402 1295 544 1336; x_wconf 80' lang='lat' dir='ltr'>mentis</span> <span class='ocrx_word' id='word_1_73' title='bbox 576 1293 760 1352; x_wconf 76' lang='lat' dir='ltr'>obsequio</span> <span class='ocrx_word' id='word_1_74' title='bbox 795 1294 1051 1352; x_wconf 67' lang='lat' dir='ltr'>suscipienda</span> <span class='ocrx_word' id='word_1_75' title='bbox 1085 1302 1298 1353; x_wconf 65' lang='lat' dir='ltr'>sancteque</span> <span class='ocrx_word' id='word_1_76' title='bbox 1341 1294 1562 1338; x_wconf 81' lang='lat' dir='ltr'>servanda.</span> 
     </span>
    </p>
   </div>
   <div class='ocr_carea' id='block_1_6' title="bbox 134 1389 1564 1880">
    <p class='ocr_par' dir='ltr' id='par_1_6' title="bbox 134 1389 1564 1590">
     <span class='ocr_line' id='line_1_13' title="bbox 257 1389 1564 1448; baseline 0.002 -18"><span class='ocrx_word' id='word_1_77' title='bbox 257 1390 323 1443; x_wconf 78' lang='lat'>56.</span> <span class='ocrx_word' id='word_1_78' title='bbox 359 1389 729 1432; x_wconf 55' lang='lat' dir='ltr'>Rmenowones.</span> <span class='ocrx_word' id='word_1_79' title='bbox 766 1390 831 1432; x_wconf 89' lang='lat' dir='ltr'>De</span> <span class='ocrx_word' id='word_1_80' title='bbox 864 1405 970 1432; x_wconf 79' lang='lat' dir='ltr'>voce</span> <span class='ocrx_word' id='word_1_81' title='bbox 1013 1389 1106 1442; x_wconf 64' lang='lat' dir='ltr'>hac,</span> <span class='ocrx_word' id='word_1_82' title='bbox 1142 1390 1293 1448; x_wconf 77' lang='lat' dir='ltr'>religio,</span> <span class='ocrx_word' id='word_1_83' title='bbox 1329 1389 1415 1434; x_wconf 91' lang='lat' dir='ltr'>duo</span> <span class='ocrx_word' id='word_1_84' title='bbox 1465 1389 1564 1434; x_wconf 91' lang='lat' dir='ltr'>bre-</span> 
     </span>
     <span class='ocr_line' id='line_1_14' title="bbox 134 1460 1564 1520; baseline 0.002 -17"><span class='ocrx_word' id='word_1_85' title='bbox 134 1461 242 1503; x_wconf 83' lang='lat' dir='ltr'>viter</span> <span class='ocrx_word' id='word_1_86' title='bbox 274 1461 558 1518; x_wconf 78' lang='lat' dir='ltr'>inquiremus,</span> <span class='ocrx_word' id='word_1_87' title='bbox 592 1487 648 1492; x_wconf 85' lang='lat'>——</span> <span class='ocrx_word' id='word_1_88' title='bbox 682 1460 902 1519; x_wconf 79' lang='lat' dir='ltr'>quodnam</span> <span class='ocrx_word' id='word_1_89' title='bbox 936 1461 989 1503; x_wconf 88' lang='lat' dir='ltr'>sit</span> <span class='ocrx_word' id='word_1_90' title='bbox 1024 1461 1115 1504; x_wconf 89' lang='lat' dir='ltr'>eius</span> <span class='ocrx_word' id='word_1_91' title='bbox 1149 1474 1327 1519; x_wconf 87' lang='lat' dir='ltr'>etymon</span> <span class='ocrx_word' id='word_1_92' title='bbox 1356 1488 1413 1494; x_wconf 86' lang='lat'>——-</span> <span class='ocrx_word' id='word_1_93' title='bbox 1437 1477 1564 1520; x_wconf 81' lang='lat' dir='ltr'>quae-</span> 
     </span>
     <span class='ocr_line' id='line_1_15' title="bbox 135 1533 856 1590; baseline 0.001 -16"><span class='ocrx_word' id='word_1_94' title='bbox 135 1547 233 1575; x_wconf 81' lang='lat' dir='ltr'>nam</span> <span class='ocrx_word' id='word_1_95' title='bbox 269 1533 323 1575; x_wconf 90' lang='lat' dir='ltr'>sit</span> <span class='ocrx_word' id='word_1_96' title='bbox 355 1533 447 1575; x_wconf 86' lang='lat' dir='ltr'>eius</span> <span class='ocrx_word' id='word_1_97' title='bbox 481 1533 544 1574; x_wconf 79' lang='lat' dir='ltr'>vis</span> <span class='ocrx_word' id='word_1_98' title='bbox 579 1545 619 1575; x_wconf 88' lang='lat' dir='ltr'>et</span> <span class='ocrx_word' id='word_1_99' title='bbox 652 1533 856 1590; x_wconf 76' lang='lat' dir='ltr'>acceptio.</span> 
     </span>
    </p>

    <p class='ocr_par' dir='ltr' id='par_1_7' title="bbox 134 1604 1563 1880">
     <span class='ocr_line' id='line_1_16' title="bbox 251 1604 1555 1662; baseline 0.001 -15"><span class='ocrx_word' id='word_1_100' title='bbox 251 1605 282 1647; x_wconf 88' lang='grc' dir='ltr'>Ι.</span> <span class='ocrx_word' id='word_1_101' title='bbox 316 1604 424 1647; x_wconf 88' lang='lat' dir='ltr'>Sunt</span> <span class='ocrx_word' id='word_1_102' title='bbox 457 1605 529 1662; x_wconf 90' lang='lat' dir='ltr'>qui</span> <span class='ocrx_word' id='word_1_103' title='bbox 564 1605 782 1662; x_wconf 78' lang='lat' dir='ltr'>religionis</span> <span class='ocrx_word' id='word_1_104' title='bbox 818 1619 980 1648; x_wconf 86' lang='lat' dir='ltr'>nomen</span> <span class='ocrx_word' id='word_1_105' title='bbox 1030 1604 1332 1648; x_wconf 76' lang='lat' dir='ltr'>deducendum</span> <span class='ocrx_word' id='word_1_106' title='bbox 1382 1617 1555 1648; x_wconf 89' lang='lat' dir='ltr'>censent</span> 
     </span>
     <span class='ocr_line' id='line_1_17' title="bbox 134 1676 1563 1735; baseline 0.001 -17"><span class='ocrx_word' id='word_1_107' title='bbox 134 1692 157 1719; x_wconf 84' lang='lat' dir='ltr'>a</span> <span class='ocrx_word' id='word_1_108' title='bbox 191 1676 404 1733; x_wconf 72' lang='lat' dir='ltr'>relegendo,</span> <span class='ocrx_word' id='word_1_109' title='bbox 437 1678 534 1734; x_wconf 79' lang='lat' dir='ltr'>quia</span> <span class='ocrx_word' id='word_1_110' title='bbox 567 1676 762 1719; x_wconf 87' lang='lat' dir='ltr'>videlicet</span> <span class='ocrx_word' id='word_1_111' title='bbox 794 1692 854 1731; x_wconf 74' lang='lat' dir='ltr'>ea,</span> <span class='ocrx_word' id='word_1_112' title='bbox 887 1693 994 1734; x_wconf 79' lang='lat' dir='ltr'>quae</span> <span class='ocrx_word' id='word_1_113' title='bbox 1033 1677 1084 1721; x_wconf 81' lang='lat' dir='ltr'>ad</span> <span class='ocrx_word' id='word_1_114' title='bbox 1118 1677 1282 1720; x_wconf 90' lang='lat' dir='ltr'>cultum</span> <span class='ocrx_word' id='word_1_115' title='bbox 1330 1677 1414 1720; x_wconf 89' lang='lat' dir='ltr'>Dei</span> <span class='ocrx_word' id='word_1_116' title='bbox 1462 1693 1563 1735; x_wconf 91' lang='lat' dir='ltr'>spe-</span> 
     </span>
     <span class='ocr_line' id='line_1_18' title="bbox 135 1747 1563 1808; baseline 0.003 -19"><span class='ocrx_word' id='word_1_117' title='bbox 135 1759 261 1804; x_wconf 82' lang='lat' dir='ltr'>ctant,</span> <span class='ocrx_word' id='word_1_118' title='bbox 296 1761 395 1790; x_wconf 87' lang='lat' dir='ltr'>sunt</span> <span class='ocrx_word' id='word_1_119' title='bbox 437 1747 680 1806; x_wconf 84' lang='lat' dir='ltr'>frequenter</span> <span class='ocrx_word' id='word_1_120' title='bbox 728 1749 873 1792; x_wconf 75' lang='lat' dir='ltr'>animo</span> <span class='ocrx_word' id='word_1_121' title='bbox 923 1749 1180 1793; x_wconf 70' lang='lat' dir='ltr'>revolvenda</span> <span class='ocrx_word' id='word_1_122' title='bbox 1227 1766 1273 1793; x_wconf 81' lang='lat' dir='ltr'>ac</span> <span class='ocrx_word' id='word_1_123' title='bbox 1321 1749 1563 1808; x_wconf 82' lang='lat' dir='ltr'>cogitanda.</span> 
     </span>
     <span class='ocr_line' id='line_1_19' title="bbox 135 1819 1563 1880; baseline 0.002 -19"><span class='ocrx_word' id='word_1_124' title='bbox 135 1819 251 1862; x_wconf 85' lang='lat' dir='ltr'>Huic</span> <span class='ocrx_word' id='word_1_125' title='bbox 284 1820 518 1862; x_wconf 79' lang='lat' dir='ltr'>sententiae</span> <span class='ocrx_word' id='word_1_126' title='bbox 551 1819 748 1863; x_wconf 75' lang='lat' dir='ltr'>adhaeret</span> <span class='ocrx_word' id='word_1_127' title='bbox 774 1819 947 1863; x_wconf 83' lang='lat' dir='ltr'>Tullius</span> <span class='ocrx_word' id='word_1_128' title='bbox 983 1820 1067 1879; x_wconf 79' lang='lat'>(3):</span> <span class='ocrx_word' id='word_1_129' title='bbox 1110 1839 1129 1862; x_wconf 87' lang='lat'>«</span> <span class='ocrx_word' id='word_1_130' title='bbox 1154 1822 1245 1875; x_wconf 84' lang='lat' dir='ltr'>Qui</span> <span class='ocrx_word' id='word_1_131' title='bbox 1271 1822 1432 1879; x_wconf 85' lang='lat' dir='ltr'>omnia,</span> <span class='ocrx_word' id='word_1_132' title='bbox 1455 1836 1563 1880; x_wconf 86' lang='lat' dir='ltr'>quae</span> 
     </span>
    </p>
   </div>
   <div class='ocr_carea' id='block_1_7' title="bbox 130 2043 1564 2628">
    <p class='ocr_par' dir='ltr' id='par_1_8' title="bbox 229 2043 886 2091">
     <span class='ocr_line' id='line_1_20' title="bbox 229 2043 886 2091; baseline 0.002 -14"><span class='ocrx_word' id='word_1_133' title='bbox 229 2043 282 2088; x_wconf 87' lang='lat'>(1)</span> <span class='ocrx_word' id='word_1_134' title='bbox 309 2043 400 2078; x_wconf 81' lang='lat' dir='ltr'>Vide</span> <span class='ocrx_word' id='word_1_135' title='bbox 422 2055 543 2090; x_wconf 84' lang='lat' dir='ltr'>super.</span> <span class='ocrx_word' id='word_1_136' title='bbox 571 2055 651 2090; x_wconf 83' lang='lat' dir='ltr'>pag.</span> <span class='ocrx_word' id='word_1_137' title='bbox 685 2044 758 2085; x_wconf 81' lang='lat'>183.</span> <span class='ocrx_word' id='word_1_138' title='bbox 789 2055 886 2091; x_wconf 83' lang='lat' dir='ltr'>seqq.</span> 
     </span>
    </p>

    <p class='ocr_par' dir='ltr' id='par_1_9' title="bbox 130 2103 1564 2554">
     <span class='ocr_line' id='line_1_21' title="bbox 229 2103 1560 2151; baseline 0.001 -14"><span class='ocrx_word' id='word_1_139' title='bbox 229 2103 283 2148; x_wconf 89' lang='lat'>(2)</span> <span class='ocrx_word' id='word_1_140' title='bbox 311 2104 390 2138; x_wconf 88' lang='lat' dir='ltr'>Hoc</span> <span class='ocrx_word' id='word_1_141' title='bbox 418 2115 531 2138; x_wconf 87' lang='lat' dir='ltr'>unum</span> <span class='ocrx_word' id='word_1_142' title='bbox 558 2104 810 2149; x_wconf 74' lang='lat' dir='ltr'>explicationis</span> <span class='ocrx_word' id='word_1_143' title='bbox 836 2105 950 2149; x_wconf 83' lang='lat' dir='ltr'>gratia</span> <span class='ocrx_word' id='word_1_144' title='bbox 980 2103 1123 2138; x_wconf 84' lang='lat' dir='ltr'>addam.</span> <span class='ocrx_word' id='word_1_145' title='bbox 1147 2124 1192 2130; x_wconf 89' lang='lat'>—</span> <span class='ocrx_word' id='word_1_146' title='bbox 1212 2103 1387 2150; x_wconf 86' lang='lat' dir='ltr'>Cognitio</span> <span class='ocrx_word' id='word_1_147' title='bbox 1409 2105 1560 2151; x_wconf 80' lang='lat' dir='ltr'>propria</span> 
     </span>
     <span class='ocr_line' id='line_1_22' title="bbox 133 2163 1563 2211; baseline 0.002 -14"><span class='ocrx_word' id='word_1_148' title='bbox 133 2171 187 2197; x_wconf 87' lang='lat' dir='ltr'>est</span> <span class='ocrx_word' id='word_1_149' title='bbox 215 2163 285 2206; x_wconf 87' lang='lat' dir='ltr'>illa,</span> <span class='ocrx_word' id='word_1_150' title='bbox 314 2175 421 2209; x_wconf 85' lang='lat' dir='ltr'>quam</span> <span class='ocrx_word' id='word_1_151' title='bbox 447 2164 623 2199; x_wconf 87' lang='lat' dir='ltr'>habemus</span> <span class='ocrx_word' id='word_1_152' title='bbox 661 2163 704 2199; x_wconf 90' lang='lat' dir='ltr'>de</span> <span class='ocrx_word' id='word_1_153' title='bbox 731 2176 767 2198; x_wconf 88' lang='lat' dir='ltr'>re</span> <span class='ocrx_word' id='word_1_154' title='bbox 794 2163 913 2210; x_wconf 88' lang='lat' dir='ltr'>aliqua</span> <span class='ocrx_word' id='word_1_155' title='bbox 953 2175 1016 2210; x_wconf 89' lang='lat' dir='ltr'>per</span> <span class='ocrx_word' id='word_1_156' title='bbox 1053 2165 1234 2210; x_wconf 85' lang='lat' dir='ltr'>propriam</span> <span class='ocrx_word' id='word_1_157' title='bbox 1269 2165 1347 2199; x_wconf 89' lang='lat' dir='ltr'>eius</span> <span class='ocrx_word' id='word_1_158' title='bbox 1379 2165 1563 2211; x_wconf 88' lang='lat' dir='ltr'>speciem:</span> 
     </span>
     <span class='ocr_line' id='line_1_23' title="bbox 133 2222 1564 2272; baseline 0.003 -16"><span class='ocrx_word' id='word_1_159' title='bbox 133 2222 305 2269; x_wconf 74' lang='lat' dir='ltr'>exemplo</span> <span class='ocrx_word' id='word_1_160' title='bbox 334 2224 377 2258; x_wconf 86' lang='lat' dir='ltr'>sit</span> <span class='ocrx_word' id='word_1_161' title='bbox 405 2225 567 2270; x_wconf 85' lang='lat' dir='ltr'>cognitio</span> <span class='ocrx_word' id='word_1_162' title='bbox 595 2233 719 2259; x_wconf 84' lang='lat' dir='ltr'>nostra</span> <span class='ocrx_word' id='word_1_163' title='bbox 747 2223 790 2258; x_wconf 77' lang='lat' dir='ltr'>de</span> <span class='ocrx_word' id='word_1_164' title='bbox 819 2224 1048 2270; x_wconf 86' lang='lat' dir='ltr'>corporibus.</span> <span class='ocrx_word' id='word_1_165' title='bbox 1084 2223 1258 2270; x_wconf 81' lang='lat' dir='ltr'>Cognitio</span> <span class='ocrx_word' id='word_1_166' title='bbox 1290 2225 1484 2272; x_wconf 83' lang='lat' dir='ltr'>impropria</span> <span class='ocrx_word' id='word_1_167' title='bbox 1510 2234 1564 2260; x_wconf 91' lang='lat' dir='ltr'>est</span> 
     </span>
     <span class='ocr_line' id='line_1_24' title="bbox 132 2282 1562 2332; baseline 0 -14"><span class='ocrx_word' id='word_1_168' title='bbox 132 2283 207 2325; x_wconf 73' lang='lat' dir='ltr'>illa,</span> <span class='ocrx_word' id='word_1_169' title='bbox 235 2293 340 2328; x_wconf 80' lang='lat' dir='ltr'>quam</span> <span class='ocrx_word' id='word_1_170' title='bbox 369 2282 410 2316; x_wconf 85' lang='lat' dir='ltr'>de</span> <span class='ocrx_word' id='word_1_171' title='bbox 438 2294 474 2316; x_wconf 89' lang='lat' dir='ltr'>re</span> <span class='ocrx_word' id='word_1_172' title='bbox 500 2282 618 2329; x_wconf 82' lang='lat' dir='ltr'>aliqua</span> <span class='ocrx_word' id='word_1_173' title='bbox 646 2283 819 2318; x_wconf 85' lang='lat' dir='ltr'>habemus</span> <span class='ocrx_word' id='word_1_174' title='bbox 847 2295 911 2330; x_wconf 88' lang='lat' dir='ltr'>per</span> <span class='ocrx_word' id='word_1_175' title='bbox 937 2283 1096 2329; x_wconf 84' lang='lat' dir='ltr'>speciem</span> <span class='ocrx_word' id='word_1_176' title='bbox 1123 2283 1282 2327; x_wconf 84' lang='lat' dir='ltr'>alterius,</span> <span class='ocrx_word' id='word_1_177' title='bbox 1321 2296 1364 2320; x_wconf 86' lang='lat' dir='ltr'>ex</span> <span class='ocrx_word' id='word_1_178' title='bbox 1391 2294 1462 2332; x_wconf 91' lang='lat' dir='ltr'>quo</span> <span class='ocrx_word' id='word_1_179' title='bbox 1487 2283 1562 2319; x_wconf 88' lang='lat' dir='ltr'>sci-</span> 
     </span>
     <span class='ocr_line' id='line_1_25' title="bbox 135 2341 1562 2392; baseline 0.001 -15"><span class='ocrx_word' id='word_1_180' title='bbox 135 2343 218 2377; x_wconf 90' lang='lat' dir='ltr'>licet</span> <span class='ocrx_word' id='word_1_181' title='bbox 245 2341 418 2387; x_wconf 81' lang='lat' dir='ltr'>quaedam</span> <span class='ocrx_word' id='word_1_182' title='bbox 447 2342 613 2377; x_wconf 87' lang='lat' dir='ltr'>addendo</span> <span class='ocrx_word' id='word_1_183' title='bbox 641 2352 675 2378; x_wconf 88' lang='lat' dir='ltr'>et</span> <span class='ocrx_word' id='word_1_184' title='bbox 694 2343 870 2390; x_wconf 77' lang='lat' dir='ltr'>quaedam</span> <span class='ocrx_word' id='word_1_185' title='bbox 892 2343 1075 2378; x_wconf 74' lang='lat' dir='ltr'>demendo</span> <span class='ocrx_word' id='word_1_186' title='bbox 1095 2345 1324 2390; x_wconf 85' lang='lat' dir='ltr'>pervenimus</span> <span class='ocrx_word' id='word_1_187' title='bbox 1343 2344 1387 2379; x_wconf 89' lang='lat' dir='ltr'>ad</span> <span class='ocrx_word' id='word_1_188' title='bbox 1405 2345 1562 2392; x_wconf 87' lang='lat' dir='ltr'>aliquam</span> 
     </span>
     <span class='ocr_line' id='line_1_26' title="bbox 134 2401 1564 2452; baseline 0.002 -16"><span class='ocrx_word' id='word_1_189' title='bbox 134 2403 186 2436; x_wconf 86' lang='lat' dir='ltr'>rei</span> <span class='ocrx_word' id='word_1_190' title='bbox 211 2401 308 2436; x_wconf 89' lang='lat' dir='ltr'>illius</span> <span class='ocrx_word' id='word_1_191' title='bbox 335 2402 501 2436; x_wconf 86' lang='lat' dir='ltr'>notitiam</span> <span class='ocrx_word' id='word_1_192' title='bbox 530 2404 635 2437; x_wconf 89' lang='lat' dir='ltr'>nobis</span> <span class='ocrx_word' id='word_1_193' title='bbox 662 2404 965 2449; x_wconf 68' lang='lat' dir='ltr'>comparandam:</span> <span class='ocrx_word' id='word_1_194' title='bbox 997 2404 1168 2450; x_wconf 80' lang='lat' dir='ltr'>exemplo</span> <span class='ocrx_word' id='word_1_195' title='bbox 1197 2405 1242 2440; x_wconf 76' lang='lat' dir='ltr'>sit</span> <span class='ocrx_word' id='word_1_196' title='bbox 1260 2405 1422 2452; x_wconf 87' lang='lat' dir='ltr'>cognitio</span> <span class='ocrx_word' id='word_1_197' title='bbox 1439 2412 1564 2440; x_wconf 88' lang='lat' dir='ltr'>nostra</span> 
     </span>
     <span class='ocr_line' id='line_1_27' title="bbox 134 2461 1564 2512; baseline 0.004 -18"><span class='ocrx_word' id='word_1_198' title='bbox 134 2461 178 2495; x_wconf 85' lang='lat' dir='ltr'>de</span> <span class='ocrx_word' id='word_1_199' title='bbox 203 2461 395 2507; x_wconf 83' lang='lat' dir='ltr'>spiritibus.</span> <span class='ocrx_word' id='word_1_200' title='bbox 436 2462 528 2496; x_wconf 85' lang='lat' dir='ltr'>Vide</span> <span class='ocrx_word' id='word_1_201' title='bbox 567 2463 688 2497; x_wconf 86' lang='lat' dir='ltr'>locum</span> <span class='ocrx_word' id='word_1_202' title='bbox 732 2464 844 2498; x_wconf 85' lang='lat' dir='ltr'>Lessii</span> <span class='ocrx_word' id='word_1_203' title='bbox 871 2475 988 2510; x_wconf 83' lang='lat' dir='ltr'>super.</span> <span class='ocrx_word' id='word_1_204' title='bbox 1027 2465 1176 2499; x_wconf 84' lang='lat' dir='ltr'>allatum</span> <span class='ocrx_word' id='word_1_205' title='bbox 1214 2465 1287 2500; x_wconf 87' lang='lat' dir='ltr'>vol.</span> <span class='ocrx_word' id='word_1_206' title='bbox 1318 2476 1345 2500; x_wconf 87' lang='lat'>1.</span> <span class='ocrx_word' id='word_1_207' title='bbox 1386 2476 1470 2512; x_wconf 84' lang='lat' dir='ltr'>pag.</span> <span class='ocrx_word' id='word_1_208' title='bbox 1504 2464 1564 2508; x_wconf 90' lang='lat'>84.</span> 
     </span>
     <span class='ocr_line' id='line_1_28' title="bbox 130 2519 319 2554; baseline -0.005 -1"><span class='ocrx_word' id='word_1_209' title='bbox 130 2519 257 2554; x_wconf 78' lang='lat' dir='ltr'>adnot.</span> <span class='ocrx_word' id='word_1_210' title='bbox 291 2530 319 2553; x_wconf 93' lang='lat'>1.</span> 
     </span>
    </p>

    <p class='ocr_par' dir='ltr' id='par_1_10' title="bbox 230 2580 1084 2628">
     <span class='ocr_line' id='line_1_29' title="bbox 230 2580 1084 2628; baseline 0.004 -14"><span class='ocrx_word' id='word_1_211' title='bbox 230 2580 287 2625; x_wconf 83' lang='lat'>(3)</span> <span class='ocrx_word' id='word_1_212' title='bbox 317 2580 371 2614; x_wconf 89' lang='lat' dir='ltr'>De</span> <span class='ocrx_word' id='word_1_213' title='bbox 397 2589 472 2615; x_wconf 78' lang='lat' dir='ltr'>nat.</span> <span class='ocrx_word' id='word_1_214' title='bbox 500 2580 609 2615; x_wconf 88' lang='lat' dir='ltr'>Deor.</span> <span class='ocrx_word' id='word_1_215' title='bbox 639 2581 661 2615; x_wconf 94' lang='lat' dir='ltr'>l.</span> <span class='ocrx_word' id='word_1_216' title='bbox 694 2581 735 2616; x_wconf 91' lang='grc' dir='ltr'>ΙΙ.</span> <span class='ocrx_word' id='word_1_217' title='bbox 764 2593 793 2616; x_wconf 91' lang='lat' dir='ltr'>c.</span> <span class='ocrx_word' id='word_1_218' title='bbox 824 2581 874 2616; x_wconf 80' lang='lat'>28.</span> <span class='ocrx_word' id='word_1_219' title='bbox 903 2593 1000 2616; x_wconf 85' lang='lat' dir='ltr'>num.</span> <span class='ocrx_word' id='word_1_220' title='bbox 1029 2592 1084 2628; x_wconf 84' lang='lat'>72-</span> 
     </span>
    </p>
   </div>
   <div class='ocr_carea' id='block_1_8' title="bbox 1611 0 1737 97">
    <p class='ocr_par' dir='ltr' id='par_1_11' title="bbox 1611 0 1737 97">
     <span class='ocr_line' id='line_1_30' title="bbox 1611 0 1737 97; baseline 0 2705"><span class='ocrx_word' id='word_1_221' title='bbox 1611 0 1737 97; x_wconf 95' lang='lat' dir='ltr'> </span> 
     </span>
    </p>
   </div>
  </div>
 </body>
</html>
