1737 2802
0 0 45 203 ξ
665 123 723 132 -
756 111 836 154 223
873 123 930 132 —

0 205 12 232 ὲ
70 186 213 239 trium
245 195 354 238 vitae
402 209 503 238 suae
550 194 731 238 minime
764 195 1001 254 reliquisse,
1035 193 1110 238 sed
1157 206 1414 252 potestatem
1462 196 1505 238 in

79 265 274 310 hominis
305 266 436 309 vitam
470 264 549 308 sibi
583 280 836 309 reservasse.

195 337 318 382 Idem
349 337 516 381 secundo
552 350 718 381 constat
751 354 801 381 ex
835 338 1055 396 principiis
1103 337 1198 382 solo
1253 339 1381 382 etiam
1432 354 1504 381 na·

72 408 204 453 ‘turali
238 409 413 453 rationis
446 409 610 453 lumine
644 411 848 468 cognitis,

197 486 241 533 α)
274 482 528 539 Spectemus
559 482 692 540 primo
726 482 978 525 instinctum
1011 481 1265 539 naturalem,
1299 484 1372 541 qui
1395 483 1504 526 inest

75 554 260 612 homini,
291 555 334 597 in
366 554 433 597 sui
467 555 854 598 conservationem.
889 580 946 587 —
978 555 1211 598 Existentia
1259 554 1386 598 huius
1424 570 1504 598 na-

73 626 226 670 turalis
257 627 487 670 instinctus
521 625 568 669 ab
602 627 794 669 Auctore
828 638 1015 681 naturae,
1049 639 1094 669 ut
1127 627 1169 668 in
1203 625 1327 670 rebus
1361 627 1502 669 inani-

78 699 202 741 matis
235 710 362 755 atque
395 698 436 739 in
470 696 621 754 brutis,
655 698 710 740 ita
759 698 885 740 etiam
920 713 966 740 ac
1016 687 1278 754 maxime-in
1327 696 1504 740 homine

78 769 200 812 inditi
232 769 380 827 nequit
413 769 455 811 in
489 767 667 811 dubium
702 769 906 812 revocari.
939 769 1013 811 Est
1046 767 1203 811 factum
1239 767 1503 810 manifestis-

74 841 253 893 simum,
289 839 406 898 quod
440 839 652 898 quaelibet
686 856 750 884 res
800 839 980 883 naturali
1033 841 1128 883 nisu
1164 851 1342 883 conatur
1391 854 1500 882 con-

71 928 242 956 servare
273 928 318 955 se
351 913 393 955 in
425 929 532 969 esse,
556 925 596 956 et
632 914 849 970 propriam
886 911 1193 970 impetentibus
1229 912 1500 955 existentiam

76 986 252 1042 resistit,
285 997 494 1043 quantum
539 998 680 1042 potest
712 984 788 1043 (Ι).
824 985 1021 1027 Iamvero
1071 999 1122 1027 ex
1170 985 1390 1038 instinctu,
1425 998 1501 1026 seu

73 1056 288 1100 tendentia
322 1057 511 1100 naturali
545 1071 657 1100 recte
691 1058 914 1114 arguimus
951 1056 999 1100 ad
1035 1055 1318 1114 detegendam
1352 1057 1498 1098 inten-

74 1129 238 1172 tionem
272 1128 626 1187 voluntatemque
660 1130 755 1182 Dei,
782 1130 854 1187 qui
879 1128 1006 1172 talem
1040 1130 1218 1172 inseruit
1257 1128 1500 1171 inclinatio-

71 1216 190 1245 nem.
224 1202 295 1245 Sic
327 1218 362 1246 e.
396 1218 436 1259 g.
470 1219 521 1245 ex
554 1201 731 1245 naturali
783 1202 973 1244 hominis
1023 1201 1238 1244 tendentia
1272 1201 1313 1243 in
1363 1200 1500 1243 felici-

72 1284 203 1316 tatem
237 1286 333 1332 apte
367 1275 622 1318 deduximus
657 1273 745 1332 (2),
782 1274 924 1317 Dmm
955 1273 1163 1316 destinare
1197 1272 1420 1315 hominem
1449 1271 1500 1314 ad

70 1346 203 1388 vitam
226 1345 405 1400 beatam,
430 1362 610 1404 eamque
634 1362 730 1389 vere
765 1362 810 1388 ac
834 1347 945 1388 serio
970 1345 1075 1388 velle
1099 1345 1266 1388 homini
1292 1344 1497 1388 conferre.

72 1417 182 1461 Item
218 1433 268 1460 ex
299 1417 479 1460 naturali
504 1417 692 1460 hominis
718 1418 1006 1474 propensione
1041 1416 1092 1459 ad
1116 1417 1364 1460 societatem
1390 1429 1500 1460 recte

70 1503 153 1532 suo
175 1488 272 1532 loco
307 1488 579 1545 colligemus,
602 1488 707 1531 hanc
742 1505 833 1531 esse
859 1489 939 1531 Dei
969 1489 1269 1546 intentionem,
1294 1500 1338 1530 ut
1363 1488 1498 1531 homo

70 1560 272 1604 socialem
308 1577 405 1604 cum
438 1562 528 1604 aliis
564 1560 813 1603 hominibus
847 1561 978 1603 vitam
1025 1560 1163 1617 degat.
1216 1560 1353 1603 Cuius
1402 1559 1500 1602 illa-

165 1803 221 1849 (1)
247 1802 340 1836 Vide
366 1801 446 1836 solo
473 1800 634 1835 avulsam
661 1800 832 1846 humique
859 1799 1020 1834 relictam
1063 1799 1238 1844 plantam:
1280 1810 1398 1833 rursus
1436 1811 1496 1834 ra-

71 1864 170 1899 dices
195 1873 314 1909 ageoe,
341 1872 515 1907 suamque
543 1860 751 1906 protrahere
769 1861 877 1894 vitam
907 1868 1068 1893 conatur.
1088 1859 1146 1893 Nil
1167 1858 1284 1892 dicam
1313 1857 1354 1893 de
1374 1859 1498 1893 brutis:

72 1932 248 1970 quantum
275 1921 443 1955 resistant
471 1919 803 1965 corrumpentibus,
835 1918 993 1965 quotidie
1023 1918 1198 1952 videmus.
1226 1919 1357 1963 Specta
1383 1917 1500 1952 infan-

66 1992 156 2018 tem:
184 1983 212 2017 si
239 1982 445 2028 impetatur,
472 1980 652 2014 clamores
679 1980 762 2021 edit,
791 1989 990 2025 parvasque
1017 1977 1235 2024 protendens
1267 1989 1396 2012 manus
1427 1989 1494 2024 ag-

75 2053 278 2088 gressorem
306 2041 480 2087 repellere
508 2041 641 2075 nititur.
671 2041 795 2086 Specta
823 2038 1014 2072 hominem
1043 2039 1151 2072 morti
1180 2038 1400 2083 proximum:
1426 2049 1511 2080 cor-⁴

68 2113 138 2148 pus
164 2102 323 2136 animam
351 2102 515 2136 retinere.
544 2100 736 2145 animaque
771 2098 932 2143 corporis
971 2099 1241 2142 possessionem
1282 2109 1499 2134 conservare

67 2162 157 2197 totis
184 2161 318 2195 viribus
345 2169 507 2195 conatur.
546 2161 662 2201 Brevi,
688 2170 744 2193 res
785 2169 913 2192 omnes
953 2162 1146 2203 opponunt
1187 2158 1427 2192 resistentiam
1454 2161 1498 2203 τῷ

71 2232 138 2255 non
166 2231 241 2255 esse:
271 2230 338 2254 nec
365 2219 491 2254 desunt
521 2219 729 2266 physiologi
757 2219 815 2264 qui
842 2217 908 2251 hac
935 2217 970 2250 in
999 2217 1204 2251 resistentia
1231 2217 1414 2252 collocent
1441 2229 1498 2252 es-

73 2280 226 2315 sentiam
254 2280 368 2325 ipsam
396 2279 502 2314 vitae.
533 2299 570 2303 »-
600 2278 777 2324 Apposite
805 2276 958 2318 Tullius,
987 2275 1028 2309 de
1056 2275 1118 2310 off.
1145 2275 1170 2312 l.
1203 2287 1229 2310 1.
1257 2288 1286 2311 c.
1313 2286 1361 2319 4.:
1387 2288 1409 2310 ⁴<
1429 2277 1499 2312 Ge-

65 2341 146 2374 neri
174 2338 415 2373 animantium
443 2338 544 2373 omni
573 2347 623 2372 est
651 2349 668 2371 a
696 2346 821 2371 natura
849 2336 1035 2371 tributum.
1065 2345 1102 2369 ut
1131 2346 1181 2378 se,
1203 2336 1329 2380 vitam,
1350 2347 1500 2382 corpus-

69 2411 140 2447 que
159 2407 309 2440 tueatur,
328 2397 556 2443 declinetque
576 2408 627 2439 ea,
649 2408 737 2443 quae
757 2396 921 2430 nocitura
938 2394 1137 2436 videantur,
1158 2395 1366 2442 omniaque,
1385 2407 1498 2442 quae-

71 2468 226 2504 cumque
253 2457 294 2491 ad
322 2457 517 2491 vivendum
545 2466 626 2490 sunt
654 2455 867 2496 necessaria,
896 2454 1059 2499 anquirat
1087 2462 1119 2488 et
1148 2463 1257 2499 paret,
1280 2464 1319 2489 ut
1344 2463 1498 2500 pastum,

67 2526 109 2552 ut
134 2516 296 2559 latibula,
322 2525 358 2551 ut
386 2515 454 2550 alia
482 2516 624 2563 generis
652 2515 824 2550 eiusdem.
843 2530 858 2544 »

170 2576 224 2622 (2)
251 2576 344 2611 Vide
369 2587 486 2622 super.
514 2577 585 2611 vol.
617 2586 642 2610 1.
670 2575 757 2610 thes.
788 2575 830 2610 V.
