1737 2802
819 96 1076 138 „114-

349 180 445 222 Hoc
468 177 651 221 declarat
675 194 706 222 s.
732 177 930 221 Thomas
949 179 1009 235 (1)
1029 177 1144 221 hisce
1162 176 1313 222 verbis:
1340 195 1361 220 «
1377 179 1426 222 In
1446 178 1571 223 nobis
1590 191 1655 223 est

229 251 386 308 triplex
420 249 598 304 bonum,
631 249 790 293 scilicet
821 250 1048 307 spirituale,
1073 249 1280 308 corporale
1305 262 1345 294 et
1367 251 1654 296 extrinsecum:

231 337 270 367 et
302 323 399 380 quia
431 321 532 365 haec
566 322 711 364 omnia
747 323 787 364 in
822 321 945 365 nobis
981 338 1003 364 a
1037 323 1133 365 Deo
1163 334 1277 379 sunt,
1296 321 1395 366 ideo
1414 322 1657 367 secundum

233 394 378 437 omnia
411 391 616 435 debemus
652 393 748 435 Deo
780 391 944 435 latriam
979 392 1050 452 (2)
1083 393 1300 438 exhibere:
1345 406 1385 437 et
1417 395 1657 438 secundum

230 467 418 524 spiritum
437 463 643 507 debemus
677 465 714 507 ei
739 463 923 508 debitam
949 465 1222 523 dilectionem5
1255 465 1495 510 secundum
1513 474 1658 525 corpus

226 539 527 597 prostrationes
560 548 599 579 et
631 545 794 589 cantus;
828 537 1066 581 secundum
1101 540 1302 582 exteriora
1336 550 1494 593 autem,
1526 540 1660 583 sacri-

228 610 336 666 ficia,
372 609 599 654 luminaria
646 621 685 652 et
725 609 999 655 huiusmodi:
1052 626 1158 668 quae
1206 611 1302 654 Deo
1351 625 1438 654 non
1483 622 1659 669 propter

232 683 323 725 eius
356 681 638 739 indigentiam
673 680 942 736 exhibemus,
977 681 1052 725 sed
1086 683 1128 725 in
1162 683 1509 740 recognitionem
1542 681 1660 740 quod

232 754 377 796 omnia
409 752 457 796 ab
491 754 586 810 ipso
622 752 852 796 habemus:
904 765 944 796 et
983 754 1092 796 sicut
1141 769 1240 797 eum
1276 770 1326 797 ex
1360 752 1563 797 omnibus
1597 768 1661 797 re-

234 826 554 883 cognoscimus,
588 826 643 868 ita
676 841 776 868 eum
810 839 863 868 ex
899 824 1101 868 omnibus
1136 825 1460 869 honoramus.»
1500 825 1552 869 Et
1576 825 1660 868 alio

233 896 329 938 loco
363 897 422 952 (3)
455 895 570 939 idem
605 912 636 939 s.
658 897 825 939 Doctor
861 896 938 939 ait:
981 897 1104 939 «Per
1129 895 1211 939 hoc
1234 896 1380 939 Deum
1405 893 1662 954 profitemur

232 967 398 1010 animae
432 979 471 1010 et
505 968 700 1024 corporis
735 980 970 1024 auctorem,
1006 968 1072 1010 cui
1096 966 1332 1025 spiritualia
1355 979 1396 1010 et
1422 965 1662 1024 corporalia

235 1037 439 1096 obsequia
472 1037 738 1082 exhibemus.
772 1056 791 1078 »
834 1039 998 1083 Rursus
1035 1039 1120 1096 (4):
1162 1057 1181 1080 α
1214 1038 1481 1095 Adiungitur
1503 1036 1661 1080 vocalis

266 1303 273 1310 ·
331 1287 387 1333 (ι)
412 1286 452 1320 In
481 1297 511 1331 3.
542 1294 634 1320 sent.
674 1285 752 1320 dist.
779 1294 810 1329 9.
840 1297 871 1331 q.
904 1295 931 1319 1.
959 1296 989 1319 a.
1019 1295 1048 1330 3.
1076 1284 1145 1319 sol.
1175 1293 1202 1326 3.
1230 1303 1278 1310 -
1304 1283 1400 1318 Hinc
1437 1283 1560 1318 videre
1600 1294 1665 1329 est,

236 1359 344 1394 quaxn
372 1347 552 1392 sapienter
577 1356 603 1380 s.
632 1345 858 1391 Augustinus
886 1344 1024 1388 dixerit,
1053 1343 1190 1378 cultum
1217 1344 1283 1378 Dei
1323 1346 1538 1390 praesertim
1569 1356 1664 1380 con-

234 1412 360 1446 sistere
385 1407 421 1442 in
449 1404 682 1453 gratitudine,
713 1416 780 1451 qua
819 1405 915 1439 bona
955 1405 1090 1447 omnia,
1118 1415 1209 1451 quae
1247 1402 1437 1448 habemus,
1464 1415 1527 1450 per
1563 1413 1665 1440 actus

232 1469 385 1505 honoris
411 1467 574 1501 internos
601 1472 839 1511 externosque
861 1464 940 1499 Deo
969 1472 1120 1510 accepta
1141 1462 1352 1498 referamus.
1371 1463 1424 1498 En
1445 1463 1523 1498 eius
1543 1463 1665 1508 verba,

235 1530 270 1564 in
298 1529 321 1564 1.
348 1528 392 1562 de
417 1526 501 1572 spir.
529 1534 562 1560 et
589 1525 655 1559 litt.
681 1536 781 1558 num.
815 1524 867 1560 18.
890 1537 897 1559 :
945 1538 962 1554 «
984 1523 1189 1567 ἐεοσέβεια,
1219 1523 1247 1557 si
1273 1522 1316 1558 ad
1350 1523 1451 1558 verbi
1483 1523 1665 1568 originem

236 1588 364 1625 Latine
391 1596 599 1632 expressam
627 1584 929 1630 interpretaretur,
950 1584 1019 1619 Dei
1038 1583 1156 1619 cultus
1184 1583 1254 1618 dici
1283 1591 1438 1629 poterat,
1459 1584 1521 1630 qui
1541 1584 1578 1618 in
1595 1583 1666 1619 hoc

239 1647 398 1683 maxime
424 1645 643 1680 constitutus
670 1652 736 1685 est,
765 1653 803 1678 ut
822 1645 943 1679 anima
969 1645 1000 1679 ei
1020 1655 1096 1679 non
1122 1644 1167 1678 sit
1194 1643 1349 1690 ingrata.
1367 1642 1444 1678 Erit
1468 1651 1589 1678 autem
1608 1643 1668 1678 in·

239 1716 349 1755 grata,
375 1705 404 1740 si
429 1704 526 1752 quod
554 1703 603 1739 illi
633 1716 675 1738 ex
702 1705 784 1739 Deo
812 1713 877 1746 est,
907 1704 974 1738 sibi
1002 1704 1176 1738 tribuerit.
1196 1718 1213 1735 »
1243 1722 1289 1730 —
1315 1702 1456 1745 Quanti
1492 1702 1570 1738 fieri
1608 1702 1668 1738 de-

237 1768 318 1803 beat
345 1775 445 1801 actus
471 1764 603 1812 agendi
632 1765 707 1799 Deo
734 1765 876 1811 gratias,
905 1763 1002 1798 idem
1029 1775 1054 1798 s.
1083 1763 1234 1808 Doctor,
1262 1762 1299 1797 in
1327 1774 1384 1809 ep.
1411 1772 1468 1805 41.
1493 1761 1556 1810 (al.
1583 1764 1668 1807 77.),

236 1827 288 1862 sic
315 1825 476 1873 exponit:
509 1838 527 1856 α
549 1824 645 1868 Quid
671 1824 802 1858 melius
830 1832 864 1859 et
892 1825 1016 1858 animo
1036 1834 1219 1870 geramus,
1241 1831 1276 1858 et
1303 1834 1367 1858 ore
1394 1833 1615 1872 promamus,
1634 1831 1669 1871 et

238 1886 380 1922 calamo
408 1884 666 1931 exprimamus,
693 1895 800 1930 quam
832 1884 897 1918 Deo
924 1883 1069 1929 gratias.
1099 1883 1179 1918 Hoc
1207 1894 1274 1917 nec
1306 1882 1376 1917 dici
1414 1881 1572 1924 brevius,
1599 1893 1668 1918 nec

239 1947 353 1982 audiri
379 1945 518 1989 laetius,
545 1955 613 1979 nec
639 1942 793 1990 intelligi
821 1943 1003 1989 grandius,
1030 1954 1097 1977 nec
1123 1943 1182 1989 agi
1208 1941 1427 1978 fructuosius
1453 1950 1616 1988 potest.»

335 2006 393 2050 (2)
421 2003 548 2040 Cultus
573 2013 714 2050 praeter
740 2005 861 2038 Deum
888 2003 1076 2038 exhibetur
1102 2011 1136 2038 et
1163 2002 1304 2037 Sanctis
1331 2009 1481 2049 propter
1521 2001 1667 2048 partici-

240 2074 377 2112 patam,
407 2075 496 2111 quae
523 2064 558 2098 in
585 2063 636 2097 eis
670 2063 816 2105 relucet,
857 2062 1123 2097 excellentiam.
1151 2061 1244 2097 Cum
1283 2070 1406 2096 tamen
1446 2061 1561 2097 cultus
1587 2062 1668 2097 Deo

240 2124 421 2160 exhibitus
448 2124 492 2158 sit
518 2123 663 2158 alterius
690 2122 844 2157 omnino
873 2131 907 2158 et
925 2121 1120 2168 superioris
1147 2120 1308 2164 rationis,
1327 2120 1412 2155 hinc
1431 2120 1579 2167 speciali
1604 2120 1670 2156 do-

240 2195 343 2221 natur
369 2185 530 2227 nomine,
557 2194 691 2229 nempe
710 2183 834 2218 latriae
860 2183 895 2228 (a
923 2182 1089 2227 λατρεύω,
1108 2181 1257 2226 εεῑνῐο).
1278 2181 1413 2217 Cultus.
1435 2189 1558 2216 autem
1576 2181 1671 2217 San·

241 2254 382 2280 ctorum
411 2243 540 2279 dicitur
565 2243 658 2278 dulia
683 2243 718 2289 (a
745 2242 918 2287 δουλεύω,
945 2243 1094 2287 servio):
1125 2253 1279 2289 cumque
1306 2241 1520 2277 Beatissima
1553 2241 1668 2288 Virgo

241 2305 354 2340 Maria
380 2305 473 2338 inter
501 2304 654 2339 Sanctos
681 2303 850 2346 emineat,
880 2302 954 2337 eius
981 2301 1100 2336 cultus
1126 2311 1274 2336 vocatur
1299 2299 1514 2348 hyperdulia.

336 2362 392 2409 (3)
419 2363 544 2398 Contr.
572 2373 670 2409 gent.
700 2362 722 2397 l.
750 2362 811 2396 111.
831 2373 860 2396 c,
886 2372 961 2407 1¹9·
984 2361 1089 2403 Nota,
1109 2372 1200 2408 quae
1217 2361 1337 2396 statim
1358 2360 1466 2395 addit:
1485 2361 1670 2406 «Propter

241 2423 311 2459 hoc
339 2434 413 2458 non
442 2432 493 2458 est
520 2423 653 2465 mirari,
681 2423 708 2456 si
737 2421 917 2463 haeretici,
945 2422 1005 2468 qui
1031 2422 1194 2467 corporis
1219 2421 1333 2455 nostri
1361 2421 1482 2456 Deum
1511 2430 1590 2455 esse
1609 2430 1671 2453 au-

243 2490 383 2518 ctorem
402 2491 549 2528 negant,
564 2481 655 2515 haec
675 2481 879 2526 corporalia
900 2481 1071 2527 obsequia
1086 2481 1167 2515 Deo
1185 2480 1345 2514 exhibita
1369 2477 1667 2526 reprehendunt.»

336 2541 389 2588 (4)
416 2541 454 2575 ln
483 2551 514 2576 2.
542 2551 571 2575 2.
601 2552 632 2586 q.
659 2540 715 2583 83.
743 2551 774 2575 a.
805 2550 856 2574 12.
882 2538 977 2574 Vide
1003 2540 1113 2574 etiam
1154 2550 1185 2585 q.
1213 2539 1270 2582 84.
1304 2549 1337 2574 a.
1380 2547 1423 2572 2.:
1464 2551 1482 2569 ‹
1503 2538 1599 2584 Quia
1627 2548 1671 2572 ex
