1737 2802
807 145 863 150 --
904 133 1070 162 112—

344 216 414 257 Est
450 214 501 272 α)
535 213 736 256 naturalis
760 214 930 272 fruetus
961 230 1034 258 seu
1071 215 1376 272 consequentia
1416 213 1556 257 cultus
1586 214 1657 256 in-

223 287 345 329 terni.
364 310 421 318 —
441 284 628 337 Scilicet,
654 283 742 327 fieri
767 285 943 342 quidem
963 298 1121 344 potest,
1157 297 1204 328 ut
1236 284 1412 328 alicuius
1446 286 1488 328 in
1522 284 1657 328 corde

221 357 363 400 nullus
397 369 530 399 exstet
564 357 823 399 reverentiae
858 372 903 400 ac
938 358 1103 415 pietatis
1154 356 1326 400 affectus
1361 371 1461 414 erga
1493 371 1651 415 supre-

223 444 344 471 mum
379 429 579 472 Numen:
629 428 702 471 sed
739 429 886 486 nequit
921 430 1187 486 contingere,
1221 442 1266 472 ut
1298 443 1398 472 vere
1429 429 1472 472 in
1505 429 1656 472 animo*

223 501 276 543 sit
308 501 501 543 internus
536 515 633 556 erga
667 500 809 542 Deum
846 499 1002 553 cultus,
1040 501 1111 558 qui
1145 513 1290 543 tamen
1321 515 1408 543 non
1432 516 1477 544 se
1499 499 1653 558 prodat

221 571 469 629 frequenter
512 586 586 629 per
618 570 763 623 verba,
814 575 1140 629 prostrationeS,
1189 571 1442 624 oblationes,
1487 571 1652 629 aliaque

223 655 399 687 externa
431 644 566 700 signa.
604 644 766 697 Quare,
802 642 899 686 dato
934 645 1061 687 etiam
1094 643 1236 702 (quod
1270 656 1334 687 est
1367 645 1560 702 apprime
1578 643 1651 687 fal-

223 714 357 773 sum),
391 714 548 757 nullan]
584 726 701 757 actus
736 714 873 757 cultus
908 716 1070 758 externi
1105 714 1366 773 praeseferre
1410 715 1653 769 utilitatem,

222 784 423 828 naturalis
447 798 593 828 tamen
619 784 727 828 foret
751 801 824 829 eos
843 798 960 828 actus
985 786 1174 844 ponendi
1197 789 1419 830 necessitas.
1438 811 1496 820 —
1514 787 1655 831 Cuius.

222 858 485 902 necessitatis
519 858 627 900 ratio
662 857 892 915 repetenda
925 870 988 901 est
1023 874 1073 901 ex
1106 858 1371 902 substantiali
1386 860 1551 902 animae
1567 873 1650 903 cor-

217 930 408 986 porisque
429 930 596 971 unione.-
631 944 713 986 qua
747 929 956 971 nimirum
990 928 1051 986 fit,
1085 942 1130 972 ut
1166 930 1398 973 vehemens
1416 929 1657 973 voluntatis.

223 998 394 1042 affectus
428 998 636 1042 redundet
673 999 712 1041 in
748 1000 986 1057 appetitum
1012 1001 1286 1054 sensitivum‚
1309 1017 1356 1044 ac
1379 999 1476 1044 dein
1496 1013 1655 1059 sponte

224 1071 360 1124 vultu,
395 1084 537 1128 gestu,
572 1087 696 1124 voce,
733 1073 1005 1130 externisque
1040 1072 1231 1116 motibus
1276 1073 1550 1131 exprimatur.
1583 1071 1650 1116 Ad

222 1159 313 1187 rem
348 1159 380 1188 s,
413 1143 611 1187 Thomas
646 1143 732 1202 (1):
775 1144 1071 1201 «Adiungitur
1089 1143 1248 1187 vocalis
1272 1145 1408 1188 oratio
1427 1144 1651 1204 (idemque

222 1214 290 1259 dic
322 1214 373 1258 de
396 1214 773 1272 prostrationibus,
799 1214 978 1274 aliisque
1012 1217 1175 1259 externi
1209 1215 1349 1259 cultus
1383 1215 1568 1275 actibus)
1601 1232 1652 1259 ex

221 1286 402 1345 quadam
423 1286 703 1330 redundantia
720 1286 768 1329 ab
788 1288 928 1329 anima
952 1287 996 1330 in
1020 1303 1176 1345 corpus
1204 1303 1254 1330 ex
1276 1287 1524 1332 vehementi
1545 1287 1655 1331 affe·-

222 1360 379 1412 ctione‚
403 1359 640 1402 secundum
676 1358 780 1402 illud
816 1359 904 1418 (2),
936 1361 1127 1403 laetatum
1150 1369 1201 1403 est
1233 1376 1299 1404 eor
1324 1376 1458 1404 meum
1483 1369 1517 1404 et
1537 1359 1654 1403 exul-

223 1433 327 1474 tavit
349 1431 489 1488 lingua
515 1446 614 1474 mea.
633 1447 652 1471 »
693 1455 750 1463 —
783 1432 929 1475 Dices:
965 1433 1159 1475 internos
1193 1432 1325 1475 animi
1350 1430 1525 1476 affectus
1550 1447 1650 1490 pos·

221 1517 390 1556 suinuS,
425 1517 478 1544 ne
511 1504 699 1545 exterius
724 1516 967 1560 appareant,
985 1502 1130 1546 celare.
1152 1502 1414 1560 Respondeo
1434 1504 1586 1562 primo,
1609 1501 1649 1545 id

222 1588 310 1616 non
327 1589 498 1631 semper
519 1574 560 1615 in
581 1587 725 1617 nostra
743 1590 834 1617 esse
853 1587 1084 1632 potestate:
1106 1590 1229 1632 saepe
1249 1575 1362 1617 enim
1382 1575 1537 1618 interni
1555 1573 1656 1617 affe-

224 1657 330 1702 ctus,
348 1646 623 1702 quantumvis
643 1647 684 1688 in
710 1647 971 1689 contrarium
997 1646 1198 1703 nitamur,
1222 1659 1513 1704 prorumpunt
1535 1658 1653 1689 extra

223 1732 268 1759 ac
302 1715 518 1773 patefiunt.
554 1717 814 1775 Respondeo
848 1717 1037 1770 seeundo,
1079 1717 1118 1760 id
1157 1716 1246 1760 fieri
1282 1733 1357 1775 per
1386 1716 1656 1770 violentiam,

224 1803 352 1845 quarn
371 1788 410 1829 in
431 1803 508 1830 nos
528 1804 615 1830 non
635 1788 903 1845 adhibemus,
917 1789 997 1831 nisi
1016 1789 1130 1846 gravi
1150 1787 1202 1832 de
1221 1803 1358 1832 causa:
1377 1788 1491 1832 nulla
1507 1801 1651 1831 autem

224 1857 341 1900 adest
376 1873 500 1901 causa
534 1859 727 1902 internos
763 1875 862 1917 erga
913 1859 1179 1903 divinitatem
1213 1875 1363 1903 sensus
1397 1858 1654 1912 occultandi,

224 1930 360 1972 immo
396 1945 496 1972 vero
531 1931 756 1989 multiplex
781 1944 914 1974 exstat
939 1932 1169 1989 gravisque
1196 1932 1301 1973 ratio
1326 1946 1400 1974 eos
1424 1930 1653 1989 prodendi,

224 2002 449 2059 praecipue
482 2017 583 2045 vero
619 2002 734 2060 haec,
771 2016 814 2047 ut
847 2019 1003 2061 nempe
1037 2017 1129 2046 turn
1181 2004 1285 2046 alios
1318 2015 1410 2046 tum
1445 2014 1653 2046 nosmet-

225 2073 342 2130 ipsos
377 2089 666 2130 provocemus
701 2076 743 2117 in
778 2075 931 2118 divina.

344 2144 458 2187 Nam
491 2143 548 2203 β)
591 2159 792 2188 externus
843 2145 979 2189 cultus
1029 2159 1092 2189 est
1140 2145 1329 2189 naturale
1379 2145 1553 2188 medium
1599 2143 1652 2188 ad

226 2215 389 2258 cultum
425 2217 658 2275 internum,
693 2233 823 2275 quern
857 2230 968 2262 certe
1000 2217 1200 2261 naturalis
1239 2217 1305 2261 lex
1338 2219 1555 2276 praecipit,
1588 2216 1653 2261 fo-

321 2458 376 2504 (1)
403 2460 443 2494 In
471 2471 499 2494 2.
531 2469 561 2495 2.
590 2472 621 2506 q.
649 2462 706 2504 83.
732 2473 762 2495 a.
796 2470 844 2496 12.
873 2460 930 2497 Cf.
961 2461 1070 2495 etiarn
1097 2461 1291 2507 Taparelli,
1309 2463 1426 2508 saggio
1445 2465 1553 2496 horat.
1574 2460 1654 2494 dis-

227 2526 309 2552 sert.
341 2529 368 2553 1.
396 2530 474 2565 cap.
502 2529 536 2564 9.
567 2532 667 2555 nuni.
697 2531 774 2567 219.

322 2577 375 2622 (2)
403 2579 458 2613 Ps.
488 2578 567 2613 xv.
595 2589 628 2625 9.
