1737 2802
692 104 960 160 ...331-

204 197 282 236 106.
309 201 629 236 Demonstratio.
655 219 700 226 —
733 211 759 235 1.
786 201 826 235 In
852 200 1004 235 homine
1031 200 1199 246 improbo
1228 209 1262 235 et
1294 199 1415 234 male-

293 259 364 294 fico
391 269 473 294 sunt
500 259 572 294 duo
597 259 686 295 haec
705 260 974 306 distinguenda:
997 279 1040 286 —
1060 269 1186 295 natura
1206 270 1247 293 ac
1276 259 1419 294 vitium:

291 337 341 345 -—
365 318 436 353 hoc
464 319 548 353 odio
576 319 799 360 habendum,
827 319 886 353 illa
913 319 1139 353 aestimanda
1173 327 1207 353 et
1246 317 1414 352 amanda.

293 396 341 403 —
365 377 519 414 Pulchra
539 379 692 424 Epicteti
717 380 825 413 verba
842 378 926 413 huic
953 378 1045 413 thesi
1061 387 1238 424 aptantur.
1253 398 1302 404 —
1321 378 1421 413 Con-

293 436 517 472 firmationes
552 438 745 473 adduntur.
785 458 828 464 ——
859 449 890 474 2.
917 439 1100 484 Principia
1139 438 1183 472 ad
1222 437 1419 473 solvendas

297 495 526 532 dfficultates:
552 517 597 523 —-
623 498 677 532 ius
704 497 872 544 exigendi
901 498 1168 532 restitutionem
1195 496 1252 531 vel
1279 495 1423 531 satisfa-

295 556 458 591 ctionem
477 576 524 584 —
541 557 688 592 dilectio
716 557 860 603 duplex,
880 557 1086 592 communis
1114 565 1148 592 et
1173 556 1345 602 specialis
1374 575 1421 582 —·

297 615 400 650 nefas
427 624 493 660 est,
519 616 689 652 delectari
715 617 750 651 in
778 617 875 652 malo
903 617 1059 659 alterius,
1077 617 1113 650 in
1140 627 1256 663 eoque
1281 616 1420 651 sistere‘.
1496 615 1543 652 ib.

206 684 286 719 107.
313 675 514 710 Scholion
541 676 566 710 1.
585 696 630 701 —
657 676 712 711 De
738 675 924 711 referenda
951 677 1076 723 gratia:
1093 696 1140 704 —
1160 687 1269 723 quam
1296 686 1422 710 neces-

299 735 430 768 sarium
457 735 501 769 sit
528 734 735 770 huiusmodi
754 735 927 771 officium:
945 756 992 762 —
1018 747 1126 782 quam
1152 734 1257 770 facile
1284 746 1324 770 ac
1351 734 1422 770 fre-

299 803 450 841 quenter
475 794 630 829 violetur
634 821 1304 837 ............
1356 806 1368 829 ·.
1419 822 1428 830 .
1481 791 1546 838 364

206 852 286 889 108.
313 853 515 889 Scholion
542 855 588 891 II.
617 875 663 882 —
690 855 1027 902 Anacephalaeosis
1059 856 1187 902 capitis
1213 855 1373 890 secundi.
1415 881 1425 890 .
1476 853 1542 900 365
