1737 2802
692 106 960 148 -273-

232 193 306 249 5².)
341 191 513 234 Asserta
536 190 696 233 licentia
726 197 801 247 pro
825 197 939 232 statu
972 187 1159 229 naturali
1184 187 1391 244 applicari
1422 188 1543 230 etiam

107 271 234 322 potest
265 262 390 306 statui
421 261 603 304 civitatis
634 261 739 303 male
771 259 1002 311 ordinatae,
1037 258 1081 300 <in
1128 274 1211 315 qna
1250 259 1450 300 nimirum
1483 259 1547 302 vel

112 335 354 392 negligentia
403 332 467 375 vel
516 332 680 374 malitia
731 332 996 388 magislratus
1037 330 1194 372 iustitia
1242 337 1377 386 aperte
1427 329 1548 372 dene-

117 414 256 462 gatar.

237 493 258 515 «
293 476 337 519 Si
370 475 750 532 quotiescumque,
784 486 829 516 ut
864 485 976 516 recte
1009 472 1151 528 arguit
1176 473 1431 528 Tongiorgi
1463 472 1548 531 (Ι),

118 547 268 605 aliquis
318 547 533 589 civitatem
569 545 678 587 male
726 543 1016 587 administrari
1066 559 1228 601 suaque
1262 545 1354 586 iura
1400 544 1550 586 violari

120 619 355 673 existimat,
389 616 542 659 iudicis
568 631 612 658 ac
645 615 824 658 vindicis
849 629 1010 657 munus
1044 614 1123 656 sibi
1147 629 1349 671 arrogare
1385 627 1548 672 posset,

118 703 260 734 actum
295 701 407 732 esset
442 688 493 731 de
529 687 639 730 civili
664 686 815 730 ordine
848 702 895 729 ac
919 685 970 729 de
993 686 1140 729 sociali
1172 688 1387 730 convictu.
1413 686 1551 738 Quod

119 763 154 805 si
189 776 348 813 revera,
383 760 542 802 eversis
576 758 758 815 publicis
793 757 934 815 rebus,
967 758 1110 800 omnis
1145 757 1339 800 iudicum
1375 773 1419 799 ac
1454 773 1549 800 ma-

119 835 378 891 gistratuum
413 831 644 873 auctoritas
679 831 721 872 in
757 830 926 872 civitate
973 830 1292 881 conticesceret,
1327 828 1472 871 liceret
1505 844 1552 871 se

120 917 280 960 suaque
316 913 463 944 contra
497 901 669 957 iniquos
705 901 926 942 invasores
950 900 991 942 vi
1026 912 1065 942 et
1088 900 1217 941 armis
1243 898 1488 956 defendere,
1513 912 1553 942 at

118 973 352 1030 singularia
381 972 615 1014 certamina
638 987 686 1013 ex
718 970 894 1014 condicto
930 972 1034 1013 inire
1068 970 1316 1013 nullatenus
1350 969 1552 1014 liceret.»

240 1046 311 1100 76.
347 1044 600 1087 Senones.
636 1043 831 1095 Quaeres
865 1041 1056 1099 tandem,
1090 1042 1194 1099 quid
1228 1041 1462 1084 dicendum
1502 1042 1554 1084 de

121 1115 264 1160 duello
298 1114 375 1157 hac
410 1114 659 1157 conditione
694 1115 817 1171 inito,
853 1127 897 1156 ut
931 1127 1029 1171 post
1063 1113 1220 1156 vulnus
1255 1113 1430 1170 aliquod
1463 1128 1551 1156 non

119 1187 275 1230 lethale
310 1201 452 1243 pugna
500 1185 631 1228 finem
681 1185 862 1228 habeat?
896 1211 952 1218 —
986 1186 1192 1243 Inprimis
1240 1185 1417 1228 vulnera
1463 1199 1551 1227 non

118 1273 290 1315 semper
324 1257 376 1300 ad
411 1272 659 1299 mensuram
695 1256 831 1313 infligi
867 1269 1065 1314 possunt,
1099 1257 1252 1299 animis
1297 1257 1551 1313 praesertim

117 1328 220 1372 odio
255 1327 431 1370 infensis
466 1343 512 1369 ac
561 1343 730 1384 pugnae
779 1329 926 1370 lurore
976 1326 1281 1370 aestuantibus.
1332 1327 1554 1369 Praeterea

115 1415 204 1443 non
239 1399 373 1442 modo
407 1398 711 1450 homicidium,
746 1398 821 1441 sed
856 1400 1001 1452 etiam,
1029 1411 1075 1440 ut
1111 1399 1200 1441 suis
1224 1398 1330 1441 locis
1366 1398 1552 1440 demon-

115 1471 366 1523 stravimus,
402 1471 541 1527 gravis
576 1471 643 1512 sui
677 1482 718 1512 et
752 1469 924 1512 alterius
957 1469 1274 1519 mutilatiovel
1311 1469 1555 1512 vulneratio

117 1554 182 1585 est
215 1541 362 1584 illicita
394 1553 434 1583 et
469 1541 681 1583 contraria
715 1540 913 1583 dominio
948 1541 1030 1583 Dei
1066 1542 1173 1583 circa
1222 1542 1357 1583 vitam
1407 1539 1557 1583 homi-

119 1627 241 1655 num:
270 1627 375 1669 ergo
411 1612 663 1655 dimicantes
687 1611 948 1654 tenebuntur
982 1613 1175 1668 crimine,
1200 1613 1233 1654 si
1258 1627 1347 1654 non
1374 1610 1557 1669 duplicis

119 1682 362 1737 homicidii,
398 1696 509 1726 certe
543 1684 686 1739 gravis
721 1684 786 1725 sui
822 1695 861 1725 et
894 1682 1067 1726 alterius
1100 1682 1303 1726 laesionis
1339 1681 1425 1740 (2).

240 1755 459 1797 Hactenus
495 1753 546 1796 de
579 1754 748 1796 iniuriis
784 1754 986 1811 proximo
1022 1752 1146 1796 illatis
1181 1755 1223 1796 in
1271 1752 1399 1796 bonis
1445 1754 1558 1796 vitae

125 1840 165 1871 et
199 1826 407 1884 corporis,
443 1850 500 1857 —
533 1823 684 1868 Civilis
719 1826 950 1867 auctoritas
986 1823 1110 1868 debet
1144 1824 1218 1868 has
1255 1825 1432 1867 iniurias
1479 1825 1567 1866 im—

125 1898 271 1956 pedire
304 1912 357 1939 ne
390 1895 509 1948 fiant,
544 1908 585 1938 et
621 1896 655 1958 si
690 1895 824 1938 illatae
859 1894 1016 1938 fuerint
1048 1895 1262 1939 vindicare
1297 1895 1384 1954 (3).
1418 1896 1560 1952 Ipsius

127 1970 242 2013 enim
278 1983 438 2011 munus
473 1980 549 2023 est,
585 1967 745 2009 civium
781 1968 872 2010 iura
896 1968 1008 2010 tueri
1042 1979 1084 2011 et
1118 1968 1160 2010 in
1197 1982 1299 2025 pace
1324 1982 1371 2010 ac
1405 1967 1568 2009 iustitia

126 2039 439 2099 rempublicam
475 2053 743 2081 conservare.
777 2038 894 2080 Inter
927 2039 1018 2081 iura
1051 2050 1195 2081 autem
1231 2050 1332 2080 sunt
1375 2037 1444 2080 illa
1486 2053 1566 2079 va-

124 2111 352 2169 lidissima,
385 2126 493 2168 quae
526 2109 640 2153 bona
677 2111 790 2153 vitae
839 2122 878 2153 et
927 2098 1122 2168 corporis
1172 2111 1423 2167 respiciunt:
1475 2110 1568 2166 paci

128 2198 232 2226 vero
281 2197 328 2225 ac
373 2182 557 2224 iustitiae
608 2181 796 2224 maxime
846 2193 1130 2238 opponuntur
1178 2180 1369 2223 facinora
1417 2192 1566 2222 contra

126 2256 268 2313 ipsam
304 2255 435 2297 vitam
469 2265 510 2297 et
544 2254 739 2311 corporis
774 2252 1116 2296 incolumitatem
1153 2264 1408 2311 perpetrata.

226 2438 280 2484 (1)
308 2439 408 2473 Loco
437 2449 533 2472 nunc
561 2438 622 2473 cit.

224 2497 274 2544 (2)
303 2497 360 2533 Cf.
387 2497 559 2532 eumdem
587 2505 788 2535 auctorem,
815 2508 914 2531 num.
946 2497 1024 2542 384.

228 2557 282 2602 (3)
309 2557 446 2592 Recole
475 2568 514 2591 ea
544 2567 633 2603 quae
661 2557 816 2591 diximus
844 2568 948 2603 supra
976 2557 1066 2592 thes.
1094 2557 1174 2592 VII.
1206 2568 1288 2603 pag.
1315 2567 1372 2603 93,
1459 2603 1481 2638 8

1434 2615 1445 2638 1
