1737 2802
800 121 1037 150 —'*2-—

895 139 907 162 Ι

327 215 391 256 15.
427 202 679 244 Seiiomox.
714 202 978 258 Supremum
1011 201 1114 244 iliud
1148 202 1229 254 ius,
1264 216 1351 258 quo
1386 201 1506 244 Deus
1542 199 1629 245 do-

205 274 391 315 minatur
424 273 650 329 universis,
684 273 886 330 quodque
921 274 1117 316 omnium
1154 273 1311 316 iurium
1367 272 1626 330 principium

205 360 296 386 esse
330 343 742 398 demonstravimus,
777 343 857 386 hoc
891 359 990 388 sane
1014 343 1137 387 habet
1180 343 1257 386 sibi
1305 344 1546 402 proprium,
1584 355 1628 386 ut

203 419 268 460 ius
303 416 357 458 sit
393 417 629 472 irreceptmn
668 432 740 457 seu
777 417 1144 473 imparticipatum.
1182 417 1213 459 E
1247 416 1462 458 contrario
1487 430 1532 458 se
1556 414 1628 458 ha-

204 488 303 531 bent
338 487 417 543 iila,
451 503 556 543 quae
592 487 757 530 homini
795 501 1047 545 competunt
1071 488 1135 530 vel
1161 501 1406 545 competere
1426 499 1624 545 possunt,

203 560 307 602 iura:
341 561 486 601 omnia
519 560 632 601 enim
667 572 765 602 sunt
802 568 952 616 recepta
987 575 1061 602 seu
1091 560 1356 616 participata,
1391 559 1418 602 i.
1450 575 1486 601 e.
1510 574 1532 601 a
1555 573 1630 601 su-

202 645 354 687 premo
386 630 458 672 illo
493 632 574 674 Dei
611 632 700 673 iure
735 631 993 673 dimanantia
1026 630 1110 689 (1).
1158 632 1275 674 Haec
1317 647 1368 674 ex
1418 631 1482 688 iis,
1520 645 1627 688 quae

203 700 389 744 diximus
426 703 465 744 in
501 702 576 745 hac
610 715 649 746 et
682 702 958 760 pmecedente
993 703 1116 756 thesi,
1138 714 1280 760 patent
1314 701 1551 746 manifeste.

323 774 435 816 Hinc
469 790 610 816 autem
647 774 825 817 alterum
871 775 1065 832 sequitur
1113 773 1345 817 discrimen
1399 774 1466 816 ius
1517 774 1628 817 inter

204 843 396 886 divinum
433 856 473 886 et
509 844 763 888 humanum.
795 846 864 887 Ius
900 860 1054 902 nempe
1089 844 1282 887 divinum
1332 856 1395 886 est
1445 859 1624 902 prorsus

205 914 459 957 illiminmzm
493 931 567 958 seu
603 916 824 971 infinitum,
859 917 924 958 ius
958 932 1061 958 vero
1096 915 1336 959 humanum
1370 928 1433 959 est
1468 916 1622 959 limita-

203 994 289 1028 tum
321 1002 393 1028 seu
419 987 604 1044 finium,
638 989 661 1031 i.
688 1004 723 1031 e.
758 989 882 1031 certis
918 989 1291 1045 circumscriptum
1325 986 1523 1031 confiniis
1559 986 1628 1030 vel

202 1058 413 1101 terminis.
449 1059 563 1102 Cum
609 1060 723 1102 enim
759 1060 822 1101 ius
858 1059 1051 1102 divinum
1087 1074 1174 1102 non
1211 1059 1264 1101 sit
1297 1058 1344 1102 ab
1390 1058 1488 1114 alio,
1541 1073 1629 1102 non

205 1128 329 1172 habet
362 1147 382 1172 ιι
416 1146 503 1188 quo
537 1130 744 1174 limitetur
776 1144 846 1174 aut
880 1147 1126 1174 mensuram
1162 1131 1353 1188 accipiat,
1375 1147 1421 1174 ac
1445 1130 1624 1189 proinde

204 1214 346 1244 manet
381 1201 641 1245 illimitatum
687 1203 728 1245 in
775 1202 1054 1260 amplitudine
1104 1203 1168 1245 sui
1213 1214 1464 1260 conceptus.
1513 1201 1629 1245 Cum

205 1290 226 1314 e
259 1275 476 1316 contrario
510 1274 574 1315 ius
609 1274 848 1316 humanum
883 1275 936 1317 sit
969 1290 991 1316 a
1024 1275 1137 1327 Deo,
1163 1273 1369 1317 limitatur
1388 1272 1629 1316 secundum

205 1344 403 1401 modum,
437 1361 564 1402 quem
600 1347 637 1388 ei
672 1347 856 1403 imponit
891 1346 1033 1388 divina
1065 1345 1270 1403 sapientia
1304 1344 1378 1402 (2).
1407 1371 1459 1377 —
1495 1345 1547 1388 Et
1581 1360 1624 1388 re

204 1415 377 1472 quidem
413 1431 509 1459 vera
543 1417 607 1459 ius
643 1416 880 1460 humanum
918 1416 1179 1459 illimitatum
1213 1415 1324 1459 foret
1356 1417 1423 1459 ius
1447 1417 1504 1459 ita
1530 1431 1630 1474 par-

204 1487 383 1544 ticipans
419 1488 484 1530 ius
508 1487 720 1541 divinum,
749 1501 792 1532 ut
817 1490 952 1546 magis
979 1489 1221 1546 participari
1245 1501 1441 1546 nequeat.
1467 1488 1630 1531 Exinde

204 1571 346 1601 autem
382 1574 647 1618 sequeretur,
681 1562 746 1604 ius
772 1561 967 1604 divinum
992 1559 1091 1604 esse
1108 1562 1173 1604 ius
1196 1559 1382 1604 finitum:
1410 1561 1474 1603 ius
1498 1561 1630 1619 enim,

203 1630 320 1686 quod
356 1631 406 1673 ita
444 1633 734 1690 participatur,
760 1646 805 1675 ut
833 1633 970 1690 magis
995 1633 1235 1690 participari
1259 1644 1457 1690 nequeat,
1480 1644 1544 1674 est
1565 1633 1631 1674 ius

202 1698 435 1744 limitatum
468 1702 547 1761 (3).
591 1704 760 1747 Falsum
809 1718 872 1747 est
922 1704 1002 1747 hoc
1052 1718 1336 1762 consequens:
1371 1718 1475 1760 ergo
1526 1701 1631 1746 illud

203 1775 328 1816 etiam
379 1776 648 1832 antecedens,
682 1793 731 1819 ex
764 1792 850 1834 quo
886 1776 965 1819 tale
999 1791 1269 1833 consequens
1314 1775 1508 1832 legitime
1553 1774 1633 1818 de-

204 1845 383 1902 scendit,
416 1859 478 1889 est
512 1846 667 1890 falsum
701 1848 776 1903 (4).

296 2026 349 2068 (ι)
378 2025 548 2059 Illustrari
575 2025 644 2060 hoc
673 2035 791 2072 potest
820 2025 1053 2061 similitudine
1082 2025 1185 2065 sois,
1215 2027 1273 2072 qui
1308 2026 1434 2059 'rumen
1478 2023 1525 2059 ha
1555 2032 1590 2058 et
1614 2035 1634 2058 a

204 2096 242 2118 sc
270 2085 346 2130 ipso
374 2086 392 2118 ἱ.
421 2096 449 2119 e.
477 2096 550 2119 non
587 2087 629 2119 ab
658 2085 780 2132 aliquo
809 2086 884 2120 alio
913 2097 1076 2132 corpore,
1104 2094 1137 2120 et
1166 2084 1284 2126 lunae,
1306 2096 1397 2130 quae
1426 2083 1551 2118 lumen
1570 2083 1635 2117 ha-

205 2145 263 2178 bet
291 2157 309 2179 a
336 2145 426 2179 sole.

298 2204 354 2247 (2)
383 2205 474 2238 Vide
504 2205 679 2247 Lessium,
708 2204 750 2239 de
766 2203 914 2250 perfect.
933 2205 1061 2239 morib.
1083 2200 1155 2238 div.
1176 2204 1200 2238 1.
1222 2204 1303 2239 VII.
1323 2214 1402 2248 cap.
1425 2213 1454 2237 1.
1474 2213 1572 2237 num.
1601 2211 1635 2244 4.

206 2276 223 2294 «
250 2263 349 2298 Sicut
374 2265 483 2308 (lianc
525 2266 668 2300 Lessius
706 2265 807 2299 addit
850 2266 1187 2311 comparationem)
1227 2264 1351 2299 omnia
1395 2275 1506 2310 opera
1549 2264 1633 2298 artis

203 2334 412 2357 mensuram
442 2334 474 2358 et
502 2325 653 2358 modum
680 2334 713 2359 ct
741 2325 936 2359 terminum
963 2326 1145 2370 accipiunt
1171 2325 1214 2359 ab
1241 2333 1316 2360 arte
1344 2323 1495 2370 opificis.
1516 2337 1533 2355 n

295 2383 350 2427 (3)
367 2383 418 2417 Eo
446 2393 551 2429 pacto
577 2385 631 2429 (ut
659 2385 752 2419 hanc
779 2384 928 2420 afferam
957 2384 1301 2431 comparationem)
1330 2395 1400 2431 quo
1430 2382 1550 2418 finitus
1581 2391 1635 2418 est

198 2433 296 2485 fons,
322 2455 364 2478 ex
391 2455 462 2489 quo
490 2445 535 2478 ita
564 2456 653 2490 aqua
681 2445 851 2487 hauritur,
879 2454 916 2479 ut
944 2446 1059 2491 magis
1085 2444 1222 2479 hauriri
1252 2453 1421 2491 nequeat.

299 2503 352 2549 (4)
378 2503 421 2539 Et
447 2514 544 2546 sane,
572 2504 665 2538 iuxta
693 2504 882 2550 vulgatum
911 2505 1069 2547 axioma,
1097 2504 1270 2551 quidquid
1297 2504 1474 2550 recipitur,
1500 2502 1543 2537 ad
1558 2512 1640 2536 mo-

202 2564 287 2598 dum
314 2564 517 2610 recipientis
546 2565 724 2610 recipitur:
755 2566 774 2599 i.
804 2578 833 2599 e.
862 2564 1032 2612 quidquid
1059 2565 1238 2610 recipitur.
1279 2564 1453 2610 recipitur
1486 2573 1634 2609 semper
