1737 2802
795 114 1058 156 —272—

216 208 499 253 acceptantes,
531 207 571 237 et
621 193 835 252 quoslibet
885 194 1131 254 complices,
1166 193 1230 239 vel
1279 195 1646 257 qualemcumque

218 282 392 326 operam
430 278 499 309 aut
524 265 717 309 favorem
744 265 1008 324 praebentes,
1033 282 1201 310 necnon
1225 268 1276 311 de
1310 268 1520 313 industria
1541 285 1647 328 spe-

218 352 391 391 ctantes‚
425 337 615 395 illudque
658 339 970 395 permittentes,
1003 338 1069 381 vel
1118 340 1401 396 quantumin
1451 339 1532 383 illis
1581 355 1644 385 est

217 426 304 454 non
340 408 634 468 prohibentes,
668 410 981 467 cuiuscumque
1016 410 1234 467 dignitatis
1268 411 1367 468 sint,
1400 412 1528 454 etiam
1571 427 1644 456 re-

218 483 324 540 galis
359 483 423 525 vel
459 482 748 539 imperialis.»
785 483 965 539 Insuper
998 482 1253 526 Benedictus
1284 483 1404 527 XIV.
1427 485 1468 526 in
1492 485 1642 528 eadem

217 554 326 599 bulla
354 554 637 598 Detestabilem
661 554 855 609 declarat,
895 554 1171 611 «sepulturae
1195 570 1334 598 sacrae
1360 556 1642 613 privationem

218 643 239 670 a
273 639 514 669 sacrosanta
549 625 806 670 Tridentina
843 625 1024 683 Synodo
1055 625 1257 668 inflictam
1294 627 1578 671 morientibus
1602 629 1643 670 in

217 699 314 741 loco
338 697 465 741 duelli
490 710 529 741 et
554 697 796 753 conflictus,
822 696 1120 740 incurrendam
1147 710 1356 755 perpetuo
1386 697 1491 752 fore,
1516 696 1643 742 etiarn

220 784 316 812 ante
351 769 510 812 Iudicis
546 769 819 825 sententiam,
843 784 863 811 a
897 768 1126 811 decedente
1150 784 1324 827 quoque
1349 782 1464 813 extra
1496 769 1645 816 locum

218 841 439 885 conflictus
474 858 523 885 ex
554 841 731 884 vulnere
767 840 923 883 ibidem
960 853 1149 897 accepto,
1185 841 1274 884 sive
1318 840 1509 884 duellum
1560 857 1647 899 pu-

218 913 341 970 blice,
376 913 465 955 sive
499 913 697 970 privatim
735 911 957 954 inductum
1005 910 1146 965 fuerit,
1181 927 1226 954 ac
1273 913 1440 955 etiamsi
1489 912 1644 956 vulne-

219 998 333 1028 ratus
362 997 457 1027 ante
492 996 679 1026 mortem
708 999 793 1025 non
818 983 976 1025 incerta
1002 984 1287 1040 poenitentiae
1310 984 1431 1041 signa
1464 983 1644 1042 dederit,

219 1068 346 1113 atque
395 1071 415 1097 a
464 1055 646 1112 peccatis
695 1066 733 1097 et
784 1055 973 1096 censuris
1023 1053 1341 1097 absolutionem
1390 1054 1641 1110 obtinuerit,

221 1125 380 1169 sublata
414 1127 638 1183 Episcopis
673 1139 714 1168 et
739 1125 986 1169 Ordinariis
1019 1125 1219 1168 locorum
1243 1142 1371 1184 super
1404 1126 1480 1169 hac
1508 1141 1645 1184 poena

220 1197 523 1256 interpretandi
560 1212 604 1239 ac
639 1195 913 1254 dispensandi
948 1195 1159 1253 facultate,
1193 1212 1280 1254 quo
1314 1198 1466 1241 ceteris
1505 1196 1651 1240 docu-

219 1281 414 1312 mentum
441 1267 692 1326 praebeatur
724 1266 918 1325 fugiendi
944 1267 1115 1310 sceleris
1149 1283 1194 1310 ac
1218 1267 1402 1311 debitam
1429 1267 1645 1311 Ecclesiae.

217 1339 383 1396 legibus
418 1338 707 1382 obedientiam
743 1338 1041 1396 praestandi.»

336 1410 418 1469 4²².)
453 1411 630 1454 Licitnm
663 1419 716 1453 est
751 1411 790 1453 in
824 1419 934 1453 stam
984 1410 1157 1454 hominis
1204 1411 1392 1454 naturali
1439 1419 1649 1468 acceptare·

214 1492 249 1525 et
271 1481 409 1541 offerre
432 1482 614 1525 duellum
636 1482 692 1524 ad
713 1481 942 1525 servandas
966 1497 1057 1525 cnm
1081 1482 1227 1526 honore
1241 1482 1453 1540 fortunas,
1471 1482 1641 1542 quando

216 1555 296 1597 alio
331 1554 503 1597 remedio
537 1569 676 1597 earnm
711 1555 866 1597 iactura
894 1553 1135 1612 propulsari
1166 1554 1314 1612 nequit.

336 1627 383 1669 In
408 1638 516 1669 statu
537 1626 664 1669 etiarn
689 1626 878 1668 naturali
901 1640 986 1668 non
1010 1624 1156 1668 liceret
1179 1624 1230 1668 ad
1253 1624 1484 1683 singularia
1508 1639 1643 1670 certa*

217 1698 332 1740 mina
366 1696 623 1740 descendere
656 1713 703 1740 ex
734 1697 926 1740 condicto.
961 1697 1131 1739 Liceret
1163 1697 1278 1740 tueri
1312 1695 1503 1740 fortunas
1544 1713 1644 1741 cum

217 1768 397 1824 honore,
427 1781 590 1811 servata
623 1768 701 1810 sibi
736 1767 927 1811 libertate
961 1767 1145 1825 eligendi
1179 1781 1352 1826 tempus
1387 1780 1427 1812 et
1459 1768 1643 1813 modum

216 1854 399 1898 pugnae,
433 1855 562 1897 quem
597 1838 822 1897 prudentia
856 1854 934 1896 pro
969 1837 1274 1882 adiunctorum
1307 1839 1510 1882 varietate
1543 1855 1650 1897 sug--

216 1924 396 1968 gereret,
432 1924 476 1953 ut
525 1926 668 1969 pugna
717 1911 860 1953 minus
911 1909 1149 1967 periculosa
1193 1921 1233 1952 et
1281 1909 1471 1963 victoria,
1513 1925 1642 1968 quam

218 1983 403 2025 minime
427 1994 571 2040 potest
605 1981 732 2025 dubia
764 1979 1087 2040 efficiatur,(1).
1114 2006 1165 2011 —
1193 1980 1400 2024 Ceterum
1433 1979 1518 2023 fere
1552 1981 1649 2022 inu-

218 2053 289 2096 tile
322 2066 386 2096 est
414 2053 534 2111 loqui
569 2052 620 2096 de
669 2064 778 2095 statu
815 2052 897 2095 hoc
934 2050 1136 2106 naturali,
1171 2051 1195 2092 i.
1237 2067 1273 2095 e.
1312 2049 1363 2094 de
1410 2062 1520 2093 statu
1555 2049 1648 2093 ho-

217 2126 388 2168 minum
422 2137 538 2168 extra
572 2125 740 2167 civilem
791 2124 1040 2167 societatem
1090 2122 1342 2165 viventium.
1393 2122 1477 2164 Hic
1525 2121 1642 2165 enirn

217 2209 349 2239 status
384 2212 522 2254 neque
556 2196 699 2239 existit
732 2211 863 2248 nunc,
899 2210 1038 2252 neque
1064 2194 1180 2252 prius
1214 2193 1363 2237 extitit:
1388 2192 1464 2236 sed
1485 2207 1642 2249 genere

216 2268 407 2311 humano
441 2267 701 2311 sufficienter
736 2278 989 2326 propagato,
1014 2265 1215 2308 homines
1249 2277 1296 2308 ut
1329 2265 1372 2307 in
1406 2263 1643 2308 domestica

217 2340 272 2382 ita
300 2340 342 2382 in
366 2338 480 2382 civili
513 2340 715 2382 societate
749 2338 966 2381 coniuncti
991 2351 1162 2394 semper
1187 2336 1388 2379 vixerunt
1411 2351 1457 2378 ac
1478 2335 1646 2378 vivent.v

309 2511 362 2558 (1)
388 2510 442 2546 Cf.
471 2511 686 2558 Tongiorgi,
715 2510 793 2546 Eth.
820 2510 945 2556 partie.
983 2521 1081 2544 num.
1112 2509 1186 2554 382.
1218 2507 1272 2543 Cf.
1313 2505 1440 2543 Gerdil
1478 2518 1537 2553 op.
1578 2506 1639 2542 cit.

217 2572 318 2618 chap.
351 2581 399 2606 12.
427 2581 462 2606 et
491 2570 541 2606 16.
