1737 2802
821 72 1087 115 „240-

236 156 376 200 luebat
409 155 610 199 alienum:
644 155 864 198 neminem
902 167 1077 212 propter
1111 170 1186 198 sua
1220 167 1388 212 peccata
1427 155 1669 214 praeterita,

235 241 413 286 propter
446 243 553 285 quae
587 228 723 285 magis
758 225 833 268 hac
867 226 951 268 vita
985 241 1094 284 opus
1129 239 1205 284 est,
1239 239 1284 270 ut
1318 226 1485 285 possint
1507 226 1664 286 poeni-

235 299 366 344 tendo
420 299 580 342 sanari:
634 298 853 341 neminem
911 295 1028 340 velut
1061 296 1274 341 desiderio
1308 298 1419 342 vitae
1451 294 1666 352 melioris,

236 388 342 431 quae
376 383 473 429 post
511 383 698 413 mortem
723 381 930 428 speratur,
958 368 1055 426 quia
1088 384 1185 412 reos
1208 385 1309 413 suae
1332 369 1486 414 mortis
1509 367 1665 413 melior

235 456 334 502 post
368 455 555 486 mortem
590 443 673 485 vita
707 457 794 485 non
818 439 997 496 suscipit
1020 456 1061 486 »:
1086 441 1306 484 neminem
1338 453 1562 500 peccatum
1586 439 1667 484 de·-

234 514 395 558 vitandi
429 530 566 571 causa,
599 529 652 557 ne
684 513 734 557 ad
769 512 1074 557 declinandum
1094 514 1308 556 incertum
1328 512 1380 557 de
1398 511 1544 557 futuro
1563 527 1668 571 per-

234 598 371 644 petret
404 598 569 628 certum
602 583 653 627 de
686 585 897 643 praesenti
932 597 1169 643 peccatum.

721 870 1066 916 ARTICULUS
1100 871 1176 914 ΙΙΙ.

519 1006 591 1048 De
623 1004 803 1047 officiis
833 1003 1054 1046 hominis
1087 1014 1207 1057 erga
1238 1001 1379 1046 alios.

355 1209 422 1263 67.
461 1224 483 1246 «
509 1207 682 1250 Declina
715 1221 740 1249 a
774 1206 882 1249 malo
906 1214 940 1249 et
963 1206 1038 1264 fac
1072 1205 1222 1249 honum
1245 1209 1320 1259 (Ι).
1345 1204 1448 1250 Noli
1481 1203 1558 1249 tibi
1590 1220 1670 1264 pu-

235 1293 337 1337 tare,
361 1279 556 1323 sufficere
580 1280 614 1322 si
640 1295 728 1323 non
754 1279 969 1338 exspolies
1003 1280 1222 1323 vestitum.
1245 1279 1348 1323 Non
1383 1276 1667 1336 exspoliando

235 1354 350 1398 enim
398 1353 604 1395 vestitum
655 1351 874 1395 declinasti
909 1368 931 1394 a
965 1350 1092 1395 malo:
1142 1349 1217 1394 sed
1264 1350 1355 1394 noli
1387 1365 1576 1395 arescere
1625 1360 1670 1393 et

235 1424 390 1469 sterilis
424 1439 529 1467 esse.
566 1424 636 1467 Sic
669 1423 758 1467 noli
791 1422 1027 1480 exspoliare
1059 1423 1281 1476 vestitum,
1315 1434 1361 1464 ut
1394 1422 1548 1465 vestias
1581 1437 1669 1465 nu-

235 1497 354 1541 dum.
391 1497 489 1538 Hoc
521 1508 584 1538 est
619 1496 735 1538 enirn
770 1494 980 1538 declinare
1004 1510 1026 1537 a
1048 1493 1164 1537 malo
1199 1506 1239 1537 et
1273 1492 1409 1537 facere
1442 1491 1666 1536 bonum.»

236 1569 362 1621 Quae
396 1566 608 1625 praeclara
642 1578 742 1609 sunt
775 1582 807 1609 s.
843 1567 1074 1623 Augustini
1100 1567 1160 1622 (2)
1194 1564 1332 1610 verba.
1358 1566 1490 1609 Hisce
1522 1577 1666 1609 autem

233 1639 376 1684 verbis
411 1639 635 1695 docemur,
658 1638 709 1682 ad
744 1638 848 1682 haec
872 1637 959 1681 duo
993 1653 1074 1681 nos
1099 1653 1198 1696 erga
1231 1638 1483 1696 proximum
1517 1653 1568 1681 ex
1588 1651 1668 1681 na-

233 1710 359 1754 turali
395 1709 489 1767 lege
521 1711 674 1767 teneri,
707 1735 763 1743 —
793 1711 946 1768 primo,
982 1710 1033 1753 ad
1066 1725 1166 1753 eum
1198 1724 1288 1753 non
1330 1708 1586 1754 laedendum
1619 1708 1665 1751 in

233 1783 357 1827 bonis
390 1783 491 1835 suis,
525 1798 563 1826 v,
590 1797 631 1839 g.
666 1783 708 1824 in
744 1781 920 1838 divitiis,
954 1797 1136 1839 quarum
1160 1781 1252 1838 ipse
1287 1781 1534 1825 dominium
1558 1795 1668 1838 pro-

234 1856 424 1914 prietatis
459 1852 602 1906 habet,
637 1878 694 1886 —
727 1854 915 1907 secundo,
952 1853 1002 1897 ad
1036 1869 1136 1897 eum
1171 1853 1408 1897 iuvandum
1442 1869 1494 1896 ex
1536 1852 1664 1897 bonis

233 1927 398 1978 nostris,
434 1943 474 1970 v,
508 1941 548 1983 g.
586 1941 636 1968 ex
670 1924 845 1979 divitiis,
877 1940 981 1982 quas
1015 1940 1095 1968 nos
1128 1923 1404 1982 possidemus
1437 1924 1528 1982 ipse
1559 1938 1665 1968 vero

234 2011 360 2056 caret,
403 2013 472 2041 eas
521 1997 579 2040 illi
627 1996 741 2040 ultro
794 1995 1173 2040 communicando.
1208 1996 1448 2055 Utriusque
1493 1995 1666 2054 generis

234 2068 373 2113 officia
406 2081 506 2112 sunt
538 2069 770 2112 naturalia.-
804 2068 1020 2127 siquidem
1053 2067 1176 2111 nobis
1210 2067 1259 2111 ab
1293 2068 1384 2126 ipsa
1423 2069 1552 2112 etiam
1583 2082 1664 2111 na-

232 2141 356 2185 turali
384 2140 476 2198 lege
510 2142 799 2199 imponuntur
824 2141 899 2198 (3).
926 2140 1141 2194 Quamvis
1165 2151 1310 2184 autem
1343 2139 1387 2184 in
1409 2138 1494 2183 hoc
1526 2153 1665 2198 aeque

329 2360 384 2406 (1)
413 2360 547 2396 Psaim.
574 2360 746 2396 xxxvi.
779 2370 833 2406 27.

327 2421 381 2464 (2)
408 2421 523 2455 Serm.
543 2420 604 2455 111.
624 2421 660 2455 in
681 2420 810 2467 psalm.
831 2421 888 2456 cit.
905 2441 941 2446 —
964 2421 1057 2457 Vide
1075 2432 1189 2468 super.
1209 2420 1283 2456 vol.
1307 2431 1332 2457 1.
1349 2420 1439 2458 thes.
1453 2420 1665 2459 XXXVIII.

234 2491 321 2528 pag.
349 2490 425 2528 319.

328 2539 385 2585 (3)
412 2537 510 2574 Vide
536 2551 656 2586 super.
682 2539 775 2575 thes.
805 2539 868 2575 111.
895 2550 929 2585 p.
957 2549 1014 2585 43.
