<?xml version="1.0" encoding="UTF-8"?>
<!DOCTYPE html PUBLIC "-//W3C//DTD XHTML 1.0 Transitional//EN"
    "http://www.w3.org/TR/xhtml1/DTD/xhtml1-transitional.dtd">
<html xmlns="http://www.w3.org/1999/xhtml" xml:lang="en" lang="en">
 <head>
  <title>
</title>
<meta http-equiv="Content-Type" content="text/html;charset=utf-8" />
  <meta name='ocr-system' content='tesseract 3.04.00' />
  <meta name='ocr-capabilities' content='ocr_page ocr_carea ocr_par ocr_line ocrx_word'/>
</head>
<body>
  <div class='ocr_page' id='page_1' title='image "./institutionesphi02ferr_0124.png"; bbox 0 0 1737 2802; ppageno 0'>
   <div class='ocr_carea' id='block_1_1' title="bbox 825 132 1088 176">
    <p class='ocr_par' dir='ltr' id='par_1_1' title="bbox 825 132 1088 176">
     <span class='ocr_line' id='line_1_1' title="bbox 825 132 1088 176; baseline 0.008 -2"><span class='ocrx_word' id='word_1_1' title='bbox 825 132 1088 176; x_wconf 85' lang='lat'>—118-</span> 
     </span>
    </p>
   </div>
   <div class='ocr_carea' id='block_1_2' title="bbox 238 225 1668 787">
    <p class='ocr_par' dir='ltr' id='par_1_2' title="bbox 238 225 1668 787">
     <span class='ocr_line' id='line_1_2' title="bbox 242 225 1660 287; baseline 0.004 -20"><span class='ocrx_word' id='word_1_2' title='bbox 242 225 299 281; x_wconf 89' lang='lat' dir='ltr'>id,</span> <span class='ocrx_word' id='word_1_3' title='bbox 332 225 447 282; x_wconf 85' lang='lat' dir='ltr'>quod</span> <span class='ocrx_word' id='word_1_4' title='bbox 482 239 545 269; x_wconf 89' lang='lat' dir='ltr'>est</span> <span class='ocrx_word' id='word_1_5' title='bbox 574 227 796 285; x_wconf 76' lang='lat' dir='ltr'><em>principale</em></span> <span class='ocrx_word' id='word_1_6' title='bbox 813 239 853 270; x_wconf 89' lang='lat' dir='ltr'>et</span> <span class='ocrx_word' id='word_1_7' title='bbox 874 235 942 286; x_wconf 77' lang='lat' dir='ltr'>per</span> <span class='ocrx_word' id='word_1_8' title='bbox 965 243 1004 271; x_wconf 81' lang='lat' dir='ltr'>se</span> <span class='ocrx_word' id='word_1_9' title='bbox 1027 228 1240 271; x_wconf 85' lang='lat' dir='ltr'>intentum</span> <span class='ocrx_word' id='word_1_10' title='bbox 1265 228 1307 271; x_wconf 90' lang='lat' dir='ltr'>in</span> <span class='ocrx_word' id='word_1_11' title='bbox 1328 228 1441 271; x_wconf 89' lang='lat' dir='ltr'>cultu</span> <span class='ocrx_word' id='word_1_12' title='bbox 1462 227 1624 287; x_wconf 87' lang='lat' dir='ltr'>divino,</span> <span class='ocrx_word' id='word_1_13' title='bbox 1639 247 1660 272; x_wconf 86' lang='lat'>»</span> 
     </span>
     <span class='ocr_line' id='line_1_3' title="bbox 242 296 1668 356; baseline 0.004 -18"><span class='ocrx_word' id='word_1_14' title='bbox 242 297 423 339; x_wconf 85' lang='lat' dir='ltr'>minime</span> <span class='ocrx_word' id='word_1_15' title='bbox 457 296 685 341; x_wconf 83' lang='lat' dir='ltr'>excludens</span> <span class='ocrx_word' id='word_1_16' title='bbox 721 297 778 352; x_wconf 84' lang='lat' dir='ltr'>id,</span> <span class='ocrx_word' id='word_1_17' title='bbox 813 298 930 356; x_wconf 92' lang='lat' dir='ltr'>quod</span> <span class='ocrx_word' id='word_1_18' title='bbox 955 311 1017 342; x_wconf 90' lang='lat' dir='ltr'>est</span> <span class='ocrx_word' id='word_1_19' title='bbox 1041 298 1342 343; x_wconf 85' lang='lat' dir='ltr'>secundarium</span> <span class='ocrx_word' id='word_1_20' title='bbox 1363 313 1403 342; x_wconf 86' lang='lat' dir='ltr'>et</span> <span class='ocrx_word' id='word_1_21' title='bbox 1422 300 1668 344; x_wconf 86' lang='lat' dir='ltr'>ordinatum</span> 
     </span>
     <span class='ocr_line' id='line_1_4' title="bbox 241 367 1667 423; baseline 0.004 -14"><span class='ocrx_word' id='word_1_22' title='bbox 241 367 290 410; x_wconf 88' lang='lat' dir='ltr'>ad</span> <span class='ocrx_word' id='word_1_23' title='bbox 325 367 454 423; x_wconf 80' lang='lat' dir='ltr'>aliud,</span> <span class='ocrx_word' id='word_1_24' title='bbox 492 369 735 413; x_wconf 83' lang='lat' dir='ltr'>cuiusmodi</span> <span class='ocrx_word' id='word_1_25' title='bbox 772 383 834 413; x_wconf 90' lang='lat' dir='ltr'>est</span> <span class='ocrx_word' id='word_1_26' title='bbox 867 370 1004 413; x_wconf 87' lang='lat' dir='ltr'>cultus</span> <span class='ocrx_word' id='word_1_27' title='bbox 1039 383 1251 415; x_wconf 79' lang='lat' dir='ltr'>externus,</span> <span class='ocrx_word' id='word_1_28' title='bbox 1288 371 1406 415; x_wconf 82' lang='lat' dir='ltr'>Idem</span> <span class='ocrx_word' id='word_1_29' title='bbox 1442 387 1474 416; x_wconf 81' lang='lat' dir='ltr'>S.</span> <span class='ocrx_word' id='word_1_30' title='bbox 1498 371 1667 416; x_wconf 88' lang='lat' dir='ltr'>Doctor</span> 
     </span>
     <span class='ocr_line' id='line_1_5' title="bbox 240 440 1664 497; baseline 0.004 -15"><span class='ocrx_word' id='word_1_31' title='bbox 240 440 320 483; x_wconf 82' lang='lat' dir='ltr'>alio</span> <span class='ocrx_word' id='word_1_32' title='bbox 355 440 452 483; x_wconf 92' lang='lat' dir='ltr'>loco</span> <span class='ocrx_word' id='word_1_33' title='bbox 482 442 544 497; x_wconf 86' lang='lat'>(1)</span> <span class='ocrx_word' id='word_1_34' title='bbox 590 440 640 484; x_wconf 86' lang='lat' dir='ltr'>de</span> <span class='ocrx_word' id='word_1_35' title='bbox 684 441 831 485; x_wconf 62' lang='lat' dir='ltr'>eadem</span> <span class='ocrx_word' id='word_1_36' title='bbox 878 443 1058 485; x_wconf 85' lang='lat' dir='ltr'>Domini</span> <span class='ocrx_word' id='word_1_37' title='bbox 1108 444 1318 486; x_wconf 84' lang='lat' dir='ltr'>sententia</span> <span class='ocrx_word' id='word_1_38' title='bbox 1366 443 1425 486; x_wconf 87' lang='lat' dir='ltr'>sic</span> <span class='ocrx_word' id='word_1_39' title='bbox 1473 442 1664 489; x_wconf 88' lang='lat' dir='ltr'>disserit:</span> 
     </span>
     <span class='ocr_line' id='line_1_6' title="bbox 246 512 1663 573; baseline 0.005 -21"><span class='ocrx_word' id='word_1_40' title='bbox 246 529 266 552; x_wconf 86' lang='lat'>«</span> <span class='ocrx_word' id='word_1_41' title='bbox 300 512 513 565; x_wconf 82' lang='lat' dir='ltr'>Quamvis</span> <span class='ocrx_word' id='word_1_42' title='bbox 550 513 666 556; x_wconf 85' lang='lat' dir='ltr'>Deus</span> <span class='ocrx_word' id='word_1_43' title='bbox 701 514 754 556; x_wconf 87' lang='lat' dir='ltr'>sit</span> <span class='ocrx_word' id='word_1_44' title='bbox 787 515 976 572; x_wconf 78' lang='lat' dir='ltr'>spiritus,</span> <span class='ocrx_word' id='word_1_45' title='bbox 1008 526 1069 556; x_wconf 88' lang='lat' dir='ltr'>est</span> <span class='ocrx_word' id='word_1_46' title='bbox 1094 527 1234 558; x_wconf 80' lang='lat' dir='ltr'>tamen</span> <span class='ocrx_word' id='word_1_47' title='bbox 1261 527 1424 558; x_wconf 85' lang='lat' dir='ltr'>creator</span> <span class='ocrx_word' id='word_1_48' title='bbox 1447 515 1663 573; x_wconf 87' lang='lat' dir='ltr'>corporis:</span> 
     </span>
     <span class='ocr_line' id='line_1_7' title="bbox 239 582 1666 643; baseline 0.004 -18"><span class='ocrx_word' id='word_1_49' title='bbox 239 595 279 626; x_wconf 94' lang='lat' dir='ltr'>et</span> <span class='ocrx_word' id='word_1_50' title='bbox 312 582 409 626; x_wconf 90' lang='lat' dir='ltr'>ideo</span> <span class='ocrx_word' id='word_1_51' title='bbox 440 584 719 642; x_wconf 74' lang='lat' dir='ltr'><em>principaliter</em></span> <span class='ocrx_word' id='word_1_52' title='bbox 753 586 789 628; x_wconf 88' lang='lat' dir='ltr'>ei</span> <span class='ocrx_word' id='word_1_53' title='bbox 824 586 864 627; x_wconf 87' lang='lat' dir='ltr'>in</span> <span class='ocrx_word' id='word_1_54' title='bbox 901 585 1051 642; x_wconf 87' lang='lat' dir='ltr'>spiritu</span> <span class='ocrx_word' id='word_1_55' title='bbox 1089 586 1248 628; x_wconf 86' lang='lat' dir='ltr'>servire</span> <span class='ocrx_word' id='word_1_56' title='bbox 1281 585 1503 643; x_wconf 85' lang='lat' dir='ltr'><strong>debemus,</strong></span> <span class='ocrx_word' id='word_1_57' title='bbox 1531 601 1666 630; x_wconf 85' lang='lat' dir='ltr'>secun-</span> 
     </span>
     <span class='ocr_line' id='line_1_8' title="bbox 238 654 1666 714; baseline 0.003 -17"><span class='ocrx_word' id='word_1_58' title='bbox 238 654 356 697; x_wconf 83' lang='lat' dir='ltr'>dario</span> <span class='ocrx_word' id='word_1_59' title='bbox 404 668 545 698; x_wconf 77' lang='lat' dir='ltr'>autem</span> <span class='ocrx_word' id='word_1_60' title='bbox 595 657 720 698; x_wconf 73' lang='lat' dir='ltr'>etiam</span> <span class='ocrx_word' id='word_1_61' title='bbox 759 657 800 699; x_wconf 90' lang='lat' dir='ltr'>in</span> <span class='ocrx_word' id='word_1_62' title='bbox 835 672 1040 714; x_wconf 86' lang='lat' dir='ltr'>corpore:</span> <span class='ocrx_word' id='word_1_63' title='bbox 1097 669 1137 700; x_wconf 87' lang='lat' dir='ltr'>et</span> <span class='ocrx_word' id='word_1_64' title='bbox 1169 657 1267 700; x_wconf 89' lang='lat' dir='ltr'>ideo</span> <span class='ocrx_word' id='word_1_65' title='bbox 1301 658 1431 700; x_wconf 84' lang='lat' dir='ltr'>etiam</span> <span class='ocrx_word' id='word_1_66' title='bbox 1463 657 1666 701; x_wconf 82' lang='lat' dir='ltr'>vocaliter</span> 
     </span>
     <span class='ocr_line' id='line_1_9' title="bbox 238 726 1668 787; baseline 0.001 -18"><span class='ocrx_word' id='word_1_67' title='bbox 238 740 428 784; x_wconf 87' lang='lat' dir='ltr'>oramus,</span> <span class='ocrx_word' id='word_1_68' title='bbox 464 740 509 770; x_wconf 90' lang='lat' dir='ltr'>ut</span> <span class='ocrx_word' id='word_1_69' title='bbox 543 726 618 770; x_wconf 85' lang='lat' dir='ltr'>sibi</span> <span class='ocrx_word' id='word_1_70' title='bbox 666 743 752 770; x_wconf 89' lang='lat' dir='ltr'>non</span> <span class='ocrx_word' id='word_1_71' title='bbox 788 727 929 770; x_wconf 87' lang='lat' dir='ltr'>solum</span> <span class='ocrx_word' id='word_1_72' title='bbox 982 730 1172 787; x_wconf 80' lang='lat' dir='ltr'>spirituS,</span> <span class='ocrx_word' id='word_1_73' title='bbox 1221 728 1295 771; x_wconf 91' lang='lat' dir='ltr'>sed</span> <span class='ocrx_word' id='word_1_74' title='bbox 1344 729 1469 771; x_wconf 75' lang='lat' dir='ltr'>etiam</span> <span class='ocrx_word' id='word_1_75' title='bbox 1521 728 1668 786; x_wconf 86' lang='lat' dir='ltr'>lingua</span> 
     </span>
    </p>
   </div>
   <div class='ocr_carea' id='block_1_3' title="bbox 222 804 1665 2304">
    <p class='ocr_par' dir='ltr' id='par_1_3' title="bbox 230 804 1665 1506">
     <span class='ocr_line' id='line_1_10' title="bbox 238 804 1665 865; baseline 0.002 -18"><span class='ocrx_word' id='word_1_76' title='bbox 238 805 373 847; x_wconf 83' lang='lat' dir='ltr'>carnis</span> <span class='ocrx_word' id='word_1_77' title='bbox 424 804 700 863; x_wconf 72' lang='lat' dir='ltr'>obsequatur,</span> <span class='ocrx_word' id='word_1_78' title='bbox 749 819 792 848; x_wconf 87' lang='lat' dir='ltr'>ut</span> <span class='ocrx_word' id='word_1_79' title='bbox 837 819 878 849; x_wconf 83' lang='lat' dir='ltr'>et</span> <span class='ocrx_word' id='word_1_80' title='bbox 921 822 1001 850; x_wconf 89' lang='lat' dir='ltr'>nos</span> <span class='ocrx_word' id='word_1_81' title='bbox 1050 808 1167 865; x_wconf 88' lang='lat' dir='ltr'>ipsos</span> <span class='ocrx_word' id='word_1_82' title='bbox 1202 819 1241 850; x_wconf 90' lang='lat' dir='ltr'>et</span> <span class='ocrx_word' id='word_1_83' title='bbox 1274 806 1378 850; x_wconf 85' lang='lat' dir='ltr'>alios</span> <span class='ocrx_word' id='word_1_84' title='bbox 1412 805 1463 850; x_wconf 84' lang='lat' dir='ltr'>ad</span> <span class='ocrx_word' id='word_1_85' title='bbox 1496 806 1665 850; x_wconf 88' lang='lat' dir='ltr'>laudem</span> 
     </span>
     <span class='ocr_line' id='line_1_11' title="bbox 236 875 1663 935; baseline 0.002 -17"><span class='ocrx_word' id='word_1_86' title='bbox 236 875 318 918; x_wconf 88' lang='lat' dir='ltr'>Dei</span> <span class='ocrx_word' id='word_1_87' title='bbox 367 877 616 921; x_wconf 78' lang='lat' dir='ltr'><strong>excitemus.</strong></span> <span class='ocrx_word' id='word_1_88' title='bbox 652 894 671 916; x_wconf 79' lang='lat'>›&gt;</span> <span class='ocrx_word' id='word_1_89' title='bbox 711 876 797 920; x_wconf 87' lang='lat' dir='ltr'>Illis</span> <span class='ocrx_word' id='word_1_90' title='bbox 848 878 989 935; x_wconf 79' lang='lat' dir='ltr'>itaque</span> <span class='ocrx_word' id='word_1_91' title='bbox 1022 878 1162 922; x_wconf 89' lang='lat' dir='ltr'>verbis</span> <span class='ocrx_word' id='word_1_92' title='bbox 1211 877 1411 922; x_wconf 88' lang='lat' dir='ltr'>Christus</span> <span class='ocrx_word' id='word_1_93' title='bbox 1446 879 1663 921; x_wconf 85' lang='lat' dir='ltr'>Dominus</span> 
     </span>
     <span class='ocr_line' id='line_1_12' title="bbox 235 946 1662 1007; baseline 0.001 -17"><span class='ocrx_word' id='word_1_94' title='bbox 235 962 310 990; x_wconf 89' lang='lat' dir='ltr'>eos</span> <span class='ocrx_word' id='word_1_95' title='bbox 344 946 578 1004; x_wconf 80' lang='lat' dir='ltr'>redarguit,</span> <span class='ocrx_word' id='word_1_96' title='bbox 629 949 700 1006; x_wconf 88' lang='lat' dir='ltr'>qui</span> <span class='ocrx_word' id='word_1_97' title='bbox 735 949 815 992; x_wconf 90' lang='lat' dir='ltr'>toti</span> <span class='ocrx_word' id='word_1_98' title='bbox 851 949 1025 1007; x_wconf 83' lang='lat' dir='ltr'>quidem</span> <span class='ocrx_word' id='word_1_99' title='bbox 1076 963 1194 993; x_wconf 83' lang='lat' dir='ltr'>erant</span> <span class='ocrx_word' id='word_1_100' title='bbox 1240 950 1282 993; x_wconf 88' lang='lat' dir='ltr'>in</span> <span class='ocrx_word' id='word_1_101' title='bbox 1325 951 1489 993; x_wconf 77' lang='lat' dir='ltr'>externi</span> <span class='ocrx_word' id='word_1_102' title='bbox 1524 949 1662 994; x_wconf 87' lang='lat' dir='ltr'>cultus</span> 
     </span>
     <span class='ocr_line' id='line_1_13' title="bbox 234 1018 1661 1080; baseline 0.003 -19"><span class='ocrx_word' id='word_1_103' title='bbox 234 1018 396 1062; x_wconf 84' lang='lat' dir='ltr'>actibus</span> <span class='ocrx_word' id='word_1_104' title='bbox 431 1019 698 1073; x_wconf 82' lang='lat' dir='ltr'>exercendis,</span> <span class='ocrx_word' id='word_1_105' title='bbox 734 1020 785 1064; x_wconf 91' lang='lat' dir='ltr'>de</span> <span class='ocrx_word' id='word_1_106' title='bbox 819 1022 988 1065; x_wconf 89' lang='lat' dir='ltr'>interno</span> <span class='ocrx_word' id='word_1_107' title='bbox 1022 1035 1163 1065; x_wconf 86' lang='lat' dir='ltr'>autem</span> <span class='ocrx_word' id='word_1_108' title='bbox 1200 1022 1333 1075; x_wconf 90' lang='lat' dir='ltr'>cultu,</span> <span class='ocrx_word' id='word_1_109' title='bbox 1363 1037 1450 1080; x_wconf 87' lang='lat' dir='ltr'>quo</span> <span class='ocrx_word' id='word_1_110' title='bbox 1484 1023 1511 1064; x_wconf 86' lang='lat' dir='ltr'>ii</span> <span class='ocrx_word' id='word_1_111' title='bbox 1544 1034 1661 1066; x_wconf 87' lang='lat' dir='ltr'>actus</span> 
     </span>
     <span class='ocr_line' id='line_1_14' title="bbox 233 1089 1662 1150; baseline 0.003 -18"><span class='ocrx_word' id='word_1_112' title='bbox 233 1089 434 1133; x_wconf 76' lang='lat' dir='ltr'>vivificari</span> <span class='ocrx_word' id='word_1_113' title='bbox 470 1090 732 1150; x_wconf 85' lang='lat' dir='ltr'>debuissent,</span> <span class='ocrx_word' id='word_1_114' title='bbox 767 1092 880 1135; x_wconf 83' lang='lat' dir='ltr'>nulla</span> <span class='ocrx_word' id='word_1_115' title='bbox 916 1106 1033 1136; x_wconf 74' lang='lat' dir='ltr'>erant</span> <span class='ocrx_word' id='word_1_116' title='bbox 1069 1093 1230 1136; x_wconf 78' lang='lat' dir='ltr'>ratione</span> <span class='ocrx_word' id='word_1_117' title='bbox 1263 1092 1447 1137; x_wconf 86' lang='lat' dir='ltr'>solliciti.</span> <span class='ocrx_word' id='word_1_118' title='bbox 1483 1093 1536 1137; x_wconf 87' lang='lat' dir='ltr'>Et</span> <span class='ocrx_word' id='word_1_119' title='bbox 1564 1109 1662 1138; x_wconf 87' lang='lat' dir='ltr'>sane</span> 
     </span>
     <span class='ocr_line' id='line_1_15' title="bbox 233 1160 1661 1223; baseline 0.003 -19"><span class='ocrx_word' id='word_1_120' title='bbox 233 1160 351 1219; x_wconf 91' lang='lat' dir='ltr'>quod</span> <span class='ocrx_word' id='word_1_121' title='bbox 386 1161 587 1206; x_wconf 89' lang='lat' dir='ltr'>Christus</span> <span class='ocrx_word' id='word_1_122' title='bbox 622 1179 668 1206; x_wconf 76' lang='lat' dir='ltr'>ea</span> <span class='ocrx_word' id='word_1_123' title='bbox 702 1166 913 1207; x_wconf 78' lang='lat' dir='ltr'>sententia</span> <span class='ocrx_word' id='word_1_124' title='bbox 949 1164 1111 1207; x_wconf 86' lang='lat' dir='ltr'>cultum</span> <span class='ocrx_word' id='word_1_125' title='bbox 1147 1177 1373 1208; x_wconf 85' lang='lat' dir='ltr'>externum</span> <span class='ocrx_word' id='word_1_126' title='bbox 1402 1180 1491 1208; x_wconf 90' lang='lat' dir='ltr'>non</span> <span class='ocrx_word' id='word_1_127' title='bbox 1516 1179 1661 1223; x_wconf 86' lang='lat' dir='ltr'>repro-</span> 
     </span>
     <span class='ocr_line' id='line_1_16' title="bbox 231 1231 1660 1293; baseline 0.003 -18"><span class='ocrx_word' id='word_1_128' title='bbox 231 1231 354 1290; x_wconf 87' lang='lat' dir='ltr'>barit,</span> <span class='ocrx_word' id='word_1_129' title='bbox 403 1245 516 1292; x_wconf 79' lang='lat' dir='ltr'>patet</span> <span class='ocrx_word' id='word_1_130' title='bbox 565 1249 616 1277; x_wconf 84' lang='lat' dir='ltr'>ex</span> <span class='ocrx_word' id='word_1_131' title='bbox 663 1250 715 1277; x_wconf 91' lang='lat' dir='ltr'>eo</span> <span class='ocrx_word' id='word_1_132' title='bbox 754 1234 871 1293; x_wconf 89' lang='lat' dir='ltr'>quod</span> <span class='ocrx_word' id='word_1_133' title='bbox 923 1236 1105 1293; x_wconf 84' lang='lat' dir='ltr'>ipsemet</span> <span class='ocrx_word' id='word_1_134' title='bbox 1140 1236 1181 1278; x_wconf 89' lang='lat' dir='ltr'>in</span> <span class='ocrx_word' id='word_1_135' title='bbox 1216 1234 1360 1292; x_wconf 90' lang='lat' dir='ltr'>horto,</span> <span class='ocrx_word' id='word_1_136' title='bbox 1394 1247 1441 1278; x_wconf 92' lang='lat' dir='ltr'>ut</span> <span class='ocrx_word' id='word_1_137' title='bbox 1472 1234 1660 1293; x_wconf 87' lang='lat' dir='ltr'>legimus</span> 
     </span>
     <span class='ocr_line' id='line_1_17' title="bbox 231 1304 1659 1365; baseline 0 -18"><span class='ocrx_word' id='word_1_138' title='bbox 231 1304 343 1363; x_wconf 89' lang='lat' dir='ltr'>apud</span> <span class='ocrx_word' id='word_1_139' title='bbox 377 1306 556 1362; x_wconf 82' lang='lat' dir='ltr'>Lucam,</span> <span class='ocrx_word' id='word_1_140' title='bbox 576 1306 681 1364; x_wconf 78' lang='lat' dir='ltr'>Cap.</span> <span class='ocrx_word' id='word_1_141' title='bbox 708 1307 851 1351; x_wconf 87' lang='lat' dir='ltr'><strong>XXII.</strong></span> <span class='ocrx_word' id='word_1_142' title='bbox 871 1322 1016 1364; x_wconf 78' lang='lat' dir='ltr'>V.41.,</span> <span class='ocrx_word' id='word_1_143' title='bbox 1048 1308 1236 1365; x_wconf 85' lang='lat' dir='ltr'>«positis</span> <span class='ocrx_word' id='word_1_144' title='bbox 1260 1307 1440 1365; x_wconf 85' lang='lat' dir='ltr'>genibus</span> <span class='ocrx_word' id='word_1_145' title='bbox 1458 1307 1659 1364; x_wconf 79' lang='lat' dir='ltr'>orabat»,</span> 
     </span>
     <span class='ocr_line' id='line_1_18' title="bbox 230 1376 1657 1437; baseline 0.002 -18"><span class='ocrx_word' id='word_1_146' title='bbox 230 1376 383 1433; x_wconf 89' lang='lat' dir='ltr'>immo,</span> <span class='ocrx_word' id='word_1_147' title='bbox 408 1389 453 1420; x_wconf 92' lang='lat' dir='ltr'>ut</span> <span class='ocrx_word' id='word_1_148' title='bbox 475 1377 587 1436; x_wconf 80' lang='lat' dir='ltr'>apud</span> <span class='ocrx_word' id='word_1_149' title='bbox 621 1377 907 1434; x_wconf 77' lang='lat' dir='ltr'>Matthaeum,</span> <span class='ocrx_word' id='word_1_150' title='bbox 943 1379 1048 1437; x_wconf 90' lang='lat' dir='ltr'>Cap.</span> <span class='ocrx_word' id='word_1_151' title='bbox 1084 1379 1252 1424; x_wconf 89' lang='lat' dir='ltr'>XXVI.</span> <span class='ocrx_word' id='word_1_152' title='bbox 1276 1396 1314 1422; x_wconf 86' lang='lat' dir='ltr'>v.</span> <span class='ocrx_word' id='word_1_153' title='bbox 1343 1393 1429 1435; x_wconf 65' lang='lat'>39„</span> <span class='ocrx_word' id='word_1_154' title='bbox 1453 1379 1657 1436; x_wconf 84' lang='lat' dir='ltr'>legimus,</span> 
     </span>
     <span class='ocr_line' id='line_1_19' title="bbox 237 1449 1117 1506; baseline 0 -16"><span class='ocrx_word' id='word_1_155' title='bbox 237 1466 258 1490; x_wconf 89' lang='lat'>«</span> <span class='ocrx_word' id='word_1_156' title='bbox 289 1449 473 1506; x_wconf 87' lang='lat' dir='ltr'>procidit</span> <span class='ocrx_word' id='word_1_157' title='bbox 508 1451 550 1492; x_wconf 91' lang='lat' dir='ltr'>in</span> <span class='ocrx_word' id='word_1_158' title='bbox 583 1449 732 1493; x_wconf 85' lang='lat' dir='ltr'>faciem</span> <span class='ocrx_word' id='word_1_159' title='bbox 768 1466 888 1493; x_wconf 81' lang='lat' dir='ltr'>suam</span> <span class='ocrx_word' id='word_1_160' title='bbox 925 1465 1063 1494; x_wconf 87' lang='lat' dir='ltr'>orans.</span> <span class='ocrx_word' id='word_1_161' title='bbox 1097 1467 1117 1491; x_wconf 84' lang='lat'>»</span> 
     </span>
    </p>

    <p class='ocr_par' dir='ltr' id='par_1_4' title="bbox 222 1522 1658 2304">
     <span class='ocr_line' id='line_1_20' title="bbox 345 1522 1658 1580; baseline 0.002 -16"><span class='ocrx_word' id='word_1_162' title='bbox 345 1522 424 1578; x_wconf 90' lang='lat'><strong>4⁰.)</strong></span> <span class='ocrx_word' id='word_1_163' title='bbox 457 1523 575 1565; x_wconf 88' lang='lat' dir='ltr'>Deus</span> <span class='ocrx_word' id='word_1_164' title='bbox 605 1523 795 1566; x_wconf 86' lang='lat' dir='ltr'>intuetur</span> <span class='ocrx_word' id='word_1_165' title='bbox 820 1538 906 1566; x_wconf 86' lang='lat' dir='ltr'>cor.</span> <span class='ocrx_word' id='word_1_166' title='bbox 931 1523 1048 1580; x_wconf 84' lang='lat' dir='ltr'>Ergo</span> <span class='ocrx_word' id='word_1_167' title='bbox 1073 1535 1136 1566; x_wconf 92' lang='lat' dir='ltr'>est</span> <span class='ocrx_word' id='word_1_168' title='bbox 1163 1522 1324 1566; x_wconf 89' lang='lat' dir='ltr'>inutilis</span> <span class='ocrx_word' id='word_1_169' title='bbox 1349 1522 1489 1566; x_wconf 90' lang='lat' dir='ltr'>cultus</span> <span class='ocrx_word' id='word_1_170' title='bbox 1513 1534 1658 1567; x_wconf 85' lang='lat' dir='ltr'>exter-</span> 
     </span>
     <span class='ocr_line' id='line_1_21' title="bbox 229 1593 1658 1654; baseline 0.003 -19"><span class='ocrx_word' id='word_1_171' title='bbox 229 1608 323 1636; x_wconf 79' lang='lat' dir='ltr'>nuS.</span> <span class='ocrx_word' id='word_1_172' title='bbox 354 1619 406 1625; x_wconf 94' lang='lat'>—-</span> <span class='ocrx_word' id='word_1_173' title='bbox 434 1593 681 1652; x_wconf 83' lang='lat' dir='ltr'>Respondet</span> <span class='ocrx_word' id='word_1_174' title='bbox 715 1611 748 1639; x_wconf 80' lang='lat' dir='ltr'>s,</span> <span class='ocrx_word' id='word_1_175' title='bbox 774 1594 973 1638; x_wconf 78' lang='lat' dir='ltr'>Thomas</span> <span class='ocrx_word' id='word_1_176' title='bbox 1006 1594 1094 1654; x_wconf 84' lang='lat'>(2),</span> <span class='ocrx_word' id='word_1_177' title='bbox 1138 1594 1294 1653; x_wconf 88' lang='lat' dir='ltr'>«quod</span> <span class='ocrx_word' id='word_1_178' title='bbox 1325 1594 1486 1639; x_wconf 85' lang='lat' dir='ltr'>vocalis</span> <span class='ocrx_word' id='word_1_179' title='bbox 1519 1596 1658 1640; x_wconf 88' lang='lat' dir='ltr'>oratio</span> 
     </span>
     <span class='ocr_line' id='line_1_22' title="bbox 227 1663 1656 1726; baseline 0.003 -19"><span class='ocrx_word' id='word_1_180' title='bbox 227 1663 453 1724; x_wconf 87' lang='lat' dir='ltr'>(idemque</span> <span class='ocrx_word' id='word_1_181' title='bbox 486 1665 594 1710; x_wconf 84' lang='lat' dir='ltr'>valet</span> <span class='ocrx_word' id='word_1_182' title='bbox 628 1665 680 1710; x_wconf 93' lang='lat' dir='ltr'>de</span> <span class='ocrx_word' id='word_1_183' title='bbox 703 1665 1081 1724; x_wconf 85' lang='lat' dir='ltr'>prostrationibus‚</span> <span class='ocrx_word' id='word_1_184' title='bbox 1116 1667 1294 1726; x_wconf 88' lang='lat' dir='ltr'>aliisque</span> <span class='ocrx_word' id='word_1_185' title='bbox 1328 1667 1491 1710; x_wconf 82' lang='lat' dir='ltr'>externi</span> <span class='ocrx_word' id='word_1_186' title='bbox 1515 1666 1656 1711; x_wconf 85' lang='lat' dir='ltr'>cultus</span> 
     </span>
     <span class='ocr_line' id='line_1_23' title="bbox 226 1736 1652 1797; baseline 0.002 -18"><span class='ocrx_word' id='word_1_187' title='bbox 226 1736 409 1796; x_wconf 86' lang='lat' dir='ltr'>actibus)</span> <span class='ocrx_word' id='word_1_188' title='bbox 441 1753 528 1782; x_wconf 91' lang='lat' dir='ltr'>non</span> <span class='ocrx_word' id='word_1_189' title='bbox 562 1738 779 1797; x_wconf 87' lang='lat' dir='ltr'>profertur</span> <span class='ocrx_word' id='word_1_190' title='bbox 811 1738 861 1782; x_wconf 84' lang='lat' dir='ltr'>ad</span> <span class='ocrx_word' id='word_1_191' title='bbox 886 1738 982 1793; x_wconf 89' lang='lat' dir='ltr'>hoc,</span> <span class='ocrx_word' id='word_1_192' title='bbox 1005 1739 1123 1797; x_wconf 90' lang='lat' dir='ltr'>quod</span> <span class='ocrx_word' id='word_1_193' title='bbox 1146 1738 1307 1797; x_wconf 90' lang='lat' dir='ltr'>aliquid</span> <span class='ocrx_word' id='word_1_194' title='bbox 1331 1739 1533 1796; x_wconf 86' lang='lat' dir='ltr'>ignotum</span> <span class='ocrx_word' id='word_1_195' title='bbox 1556 1739 1652 1782; x_wconf 91' lang='lat' dir='ltr'>Deo</span> 
     </span>
     <span class='ocr_line' id='line_1_24' title="bbox 227 1808 1654 1868; baseline 0.001 -17"><span class='ocrx_word' id='word_1_196' title='bbox 227 1808 540 1866; x_wconf 87' lang='lat' dir='ltr'>manifestetur,</span> <span class='ocrx_word' id='word_1_197' title='bbox 559 1810 634 1854; x_wconf 87' lang='lat' dir='ltr'>sed</span> <span class='ocrx_word' id='word_1_198' title='bbox 653 1810 704 1854; x_wconf 85' lang='lat' dir='ltr'>ad</span> <span class='ocrx_word' id='word_1_199' title='bbox 717 1810 812 1864; x_wconf 85' lang='lat' dir='ltr'>hoc,</span> <span class='ocrx_word' id='word_1_200' title='bbox 832 1810 951 1868; x_wconf 89' lang='lat' dir='ltr'>quod</span> <span class='ocrx_word' id='word_1_201' title='bbox 971 1826 1092 1854; x_wconf 89' lang='lat' dir='ltr'>mens</span> <span class='ocrx_word' id='word_1_202' title='bbox 1114 1811 1276 1854; x_wconf 87' lang='lat' dir='ltr'>orantis</span> <span class='ocrx_word' id='word_1_203' title='bbox 1296 1810 1361 1854; x_wconf 91' lang='lat' dir='ltr'>vel</span> <span class='ocrx_word' id='word_1_204' title='bbox 1379 1809 1566 1853; x_wconf 88' lang='lat' dir='ltr'>aliorum</span> <span class='ocrx_word' id='word_1_205' title='bbox 1584 1826 1654 1854; x_wconf 86' lang='lat' dir='ltr'>ex-</span> 
     </span>
     <span class='ocr_line' id='line_1_25' title="bbox 226 1881 1654 1941; baseline 0.001 -17"><span class='ocrx_word' id='word_1_206' title='bbox 226 1881 377 1925; x_wconf 90' lang='lat' dir='ltr'>citetur</span> <span class='ocrx_word' id='word_1_207' title='bbox 399 1881 441 1924; x_wconf 91' lang='lat' dir='ltr'>in</span> <span class='ocrx_word' id='word_1_208' title='bbox 464 1882 622 1926; x_wconf 87' lang='lat' dir='ltr'>Deum.</span> <span class='ocrx_word' id='word_1_209' title='bbox 645 1899 664 1923; x_wconf 71' lang='lat' dir='ltr'><strong><em>n</em></strong></span> <span class='ocrx_word' id='word_1_210' title='bbox 689 1883 741 1926; x_wconf 88' lang='lat' dir='ltr'>Et</span> <span class='ocrx_word' id='word_1_211' title='bbox 764 1882 847 1926; x_wconf 86' lang='lat' dir='ltr'>alio</span> <span class='ocrx_word' id='word_1_212' title='bbox 870 1882 967 1926; x_wconf 89' lang='lat' dir='ltr'>loco</span> <span class='ocrx_word' id='word_1_213' title='bbox 991 1882 1075 1941; x_wconf 81' lang='lat'>(3):</span> <span class='ocrx_word' id='word_1_214' title='bbox 1107 1900 1127 1924; x_wconf 94' lang='lat'>«</span> <span class='ocrx_word' id='word_1_215' title='bbox 1150 1881 1507 1941; x_wconf 82' lang='lat' dir='ltr'>Genuflexiones,</span> <span class='ocrx_word' id='word_1_216' title='bbox 1529 1897 1654 1926; x_wconf 86' lang='lat' dir='ltr'>voca·</span> 
     </span>
     <span class='ocr_line' id='line_1_26' title="bbox 223 1952 1652 2013; baseline 0.002 -18"><span class='ocrx_word' id='word_1_217' title='bbox 223 1952 283 1996; x_wconf 92' lang='lat' dir='ltr'>les</span> <span class='ocrx_word' id='word_1_218' title='bbox 308 1953 517 1998; x_wconf 87' lang='lat' dir='ltr'>clamores</span> <span class='ocrx_word' id='word_1_219' title='bbox 551 1966 591 1998; x_wconf 88' lang='lat' dir='ltr'>et</span> <span class='ocrx_word' id='word_1_220' title='bbox 609 1967 756 1998; x_wconf 87' lang='lat' dir='ltr'>cantus</span> <span class='ocrx_word' id='word_1_221' title='bbox 780 1970 868 1998; x_wconf 88' lang='lat' dir='ltr'>non</span> <span class='ocrx_word' id='word_1_222' title='bbox 900 1953 1022 2007; x_wconf 89' lang='lat' dir='ltr'>fiunt,</span> <span class='ocrx_word' id='word_1_223' title='bbox 1048 1955 1168 2013; x_wconf 87' lang='lat' dir='ltr'>quasi</span> <span class='ocrx_word' id='word_1_224' title='bbox 1201 1955 1320 1998; x_wconf 88' lang='lat' dir='ltr'>Deus</span> <span class='ocrx_word' id='word_1_225' title='bbox 1353 1953 1418 1997; x_wconf 89' lang='lat' dir='ltr'>his</span> <span class='ocrx_word' id='word_1_226' title='bbox 1451 1953 1652 2011; x_wconf 80' lang='lat' dir='ltr'>indigeat,</span> 
     </span>
     <span class='ocr_line' id='line_1_27' title="bbox 223 2025 1652 2085; baseline 0.001 -17"><span class='ocrx_word' id='word_1_227' title='bbox 223 2027 296 2084; x_wconf 89' lang='lat' dir='ltr'>qui</span> <span class='ocrx_word' id='word_1_228' title='bbox 320 2027 467 2069; x_wconf 87' lang='lat' dir='ltr'>omnia</span> <span class='ocrx_word' id='word_1_229' title='bbox 483 2027 604 2070; x_wconf 86' lang='lat' dir='ltr'>novit</span> <span class='ocrx_word' id='word_1_230' title='bbox 623 2039 663 2071; x_wconf 86' lang='lat' dir='ltr'>et</span> <span class='ocrx_word' id='word_1_231' title='bbox 681 2028 801 2071; x_wconf 90' lang='lat' dir='ltr'>cuius</span> <span class='ocrx_word' id='word_1_232' title='bbox 823 2026 1020 2070; x_wconf 83' lang='lat' dir='ltr'>voluntas</span> <span class='ocrx_word' id='word_1_233' title='bbox 1043 2039 1108 2070; x_wconf 89' lang='lat' dir='ltr'>est</span> <span class='ocrx_word' id='word_1_234' title='bbox 1127 2025 1424 2083; x_wconf 82' lang='lat' dir='ltr'>immutabilis,</span> <span class='ocrx_word' id='word_1_235' title='bbox 1441 2038 1483 2069; x_wconf 91' lang='lat' dir='ltr'>et</span> <span class='ocrx_word' id='word_1_236' title='bbox 1500 2027 1574 2085; x_wconf 85' lang='lat' dir='ltr'>qui</span> <span class='ocrx_word' id='word_1_237' title='bbox 1591 2025 1652 2069; x_wconf 91' lang='lat' dir='ltr'>af·</span> 
     </span>
     <span class='ocr_line' id='line_1_28' title="bbox 223 2095 1653 2156; baseline 0.001 -16"><span class='ocrx_word' id='word_1_238' title='bbox 223 2095 383 2140; x_wconf 90' lang='lat' dir='ltr'>fectum</span> <span class='ocrx_word' id='word_1_239' title='bbox 417 2098 574 2141; x_wconf 81' lang='lat' dir='ltr'>mentis</span> <span class='ocrx_word' id='word_1_240' title='bbox 606 2110 648 2142; x_wconf 88' lang='lat' dir='ltr'>et</span> <span class='ocrx_word' id='word_1_241' title='bbox 680 2099 808 2142; x_wconf 85' lang='lat' dir='ltr'>etiam</span> <span class='ocrx_word' id='word_1_242' title='bbox 850 2111 998 2141; x_wconf 89' lang='lat' dir='ltr'>motus</span> <span class='ocrx_word' id='word_1_243' title='bbox 1051 2098 1245 2156; x_wconf 90' lang='lat' dir='ltr'>corporis</span> <span class='ocrx_word' id='word_1_244' title='bbox 1279 2111 1367 2140; x_wconf 90' lang='lat' dir='ltr'>non</span> <span class='ocrx_word' id='word_1_245' title='bbox 1399 2109 1576 2155; x_wconf 87' lang='lat' dir='ltr'>propter</span> <span class='ocrx_word' id='word_1_246' title='bbox 1607 2112 1653 2141; x_wconf 90' lang='lat' dir='ltr'>se</span> 
     </span>
     <span class='ocr_line' id='line_1_29' title="bbox 223 2167 1653 2228; baseline 0 -17"><span class='ocrx_word' id='word_1_247' title='bbox 223 2181 424 2226; x_wconf 85' lang='lat' dir='ltr'>acceptat,</span> <span class='ocrx_word' id='word_1_248' title='bbox 458 2169 531 2213; x_wconf 90' lang='lat' dir='ltr'>sed</span> <span class='ocrx_word' id='word_1_249' title='bbox 567 2182 742 2228; x_wconf 89' lang='lat' dir='ltr'>propter</span> <span class='ocrx_word' id='word_1_250' title='bbox 774 2185 854 2213; x_wconf 93' lang='lat' dir='ltr'>nos</span> <span class='ocrx_word' id='word_1_251' title='bbox 889 2168 1088 2227; x_wconf 86' lang='lat' dir='ltr'>facimus,</span> <span class='ocrx_word' id='word_1_252' title='bbox 1121 2181 1168 2213; x_wconf 89' lang='lat' dir='ltr'>ut</span> <span class='ocrx_word' id='word_1_253' title='bbox 1200 2185 1276 2227; x_wconf 90' lang='lat' dir='ltr'>per</span> <span class='ocrx_word' id='word_1_254' title='bbox 1308 2168 1411 2213; x_wconf 88' lang='lat' dir='ltr'>haec</span> <span class='ocrx_word' id='word_1_255' title='bbox 1437 2167 1653 2212; x_wconf 80' lang='lat' dir='ltr'>sensibilia</span> 
     </span>
     <span class='ocr_line' id='line_1_30' title="bbox 222 2238 1650 2304; baseline 0.001 -23"><span class='ocrx_word' id='word_1_256' title='bbox 222 2254 353 2297; x_wconf 86' lang='lat' dir='ltr'>opera</span> <span class='ocrx_word' id='word_1_257' title='bbox 386 2240 565 2285; x_wconf 89' lang='lat' dir='ltr'>intentio</span> <span class='ocrx_word' id='word_1_258' title='bbox 599 2253 747 2285; x_wconf 82' lang='lat' dir='ltr'>nostra</span> <span class='ocrx_word' id='word_1_259' title='bbox 779 2240 938 2285; x_wconf 84' lang='lat' dir='ltr'>feratur</span> <span class='ocrx_word' id='word_1_260' title='bbox 975 2241 1017 2284; x_wconf 90' lang='lat' dir='ltr'>in</span> <span class='ocrx_word' id='word_1_261' title='bbox 1053 2241 1199 2304; x_wconf 90' lang='lat' dir='ltr'>Deum</span> <span class='ocrx_word' id='word_1_262' title='bbox 1233 2252 1275 2284; x_wconf 86' lang='lat' dir='ltr'>et</span> <span class='ocrx_word' id='word_1_263' title='bbox 1306 2238 1471 2284; x_wconf 88' lang='lat' dir='ltr'>affectio</span> <span class='ocrx_word' id='word_1_264' title='bbox 1504 2252 1650 2284; x_wconf 83' lang='lat' dir='ltr'>accen-</span> 
     </span>
    </p>
   </div>
   <div class='ocr_carea' id='block_1_4' title="bbox 221 2309 412 2355">
    <p class='ocr_par' dir='ltr' id='par_1_5' title="bbox 221 2309 412 2355">
     <span class='ocr_line' id='line_1_31' title="bbox 221 2309 412 2355; baseline -0.01 0"><span class='ocrx_word' id='word_1_265' title='bbox 221 2309 358 2355; x_wconf 87' lang='lat' dir='ltr'>datur.</span> <span class='ocrx_word' id='word_1_266' title='bbox 392 2328 412 2351; x_wconf 77' lang='lat' dir='ltr'>n</span> 
     </span>
    </p>
   </div>
   <div class='ocr_carea' id='block_1_5' title="bbox 312 2494 1000 2663">
    <p class='ocr_par' dir='ltr' id='par_1_6' title="bbox 312 2494 1000 2663">
     <span class='ocr_line' id='line_1_32' title="bbox 312 2494 880 2544; baseline 0.005 -15"><span class='ocrx_word' id='word_1_267' title='bbox 312 2494 368 2541; x_wconf 89' lang='lat'>(1)</span> <span class='ocrx_word' id='word_1_268' title='bbox 396 2496 436 2530; x_wconf 90' lang='lat' dir='ltr'>In</span> <span class='ocrx_word' id='word_1_269' title='bbox 467 2504 496 2540; x_wconf 86' lang='lat'>3.</span> <span class='ocrx_word' id='word_1_270' title='bbox 524 2505 616 2532; x_wconf 88' lang='lat' dir='ltr'>sent.</span> <span class='ocrx_word' id='word_1_271' title='bbox 642 2496 666 2531; x_wconf 90' lang='lat' dir='ltr'>l.</span> <span class='ocrx_word' id='word_1_272' title='bbox 692 2508 806 2544; x_wconf 86' lang='lat' dir='ltr'>nuper</span> <span class='ocrx_word' id='word_1_273' title='bbox 832 2497 880 2532; x_wconf 87' lang='lat' dir='ltr'>cit</span> 
     </span>
     <span class='ocr_line' id='line_1_33' title="bbox 313 2554 1000 2602; baseline 0.006 -13"><span class='ocrx_word' id='word_1_274' title='bbox 313 2554 368 2600; x_wconf 86' lang='lat'>(2)</span> <span class='ocrx_word' id='word_1_275' title='bbox 393 2555 432 2590; x_wconf 92' lang='lat' dir='ltr'>In</span> <span class='ocrx_word' id='word_1_276' title='bbox 460 2566 492 2591; x_wconf 89' lang='lat'>2.</span> <span class='ocrx_word' id='word_1_277' title='bbox 520 2565 551 2591; x_wconf 86' lang='lat'>2.</span> <span class='ocrx_word' id='word_1_278' title='bbox 579 2568 613 2602; x_wconf 91' lang='lat' dir='ltr'>q.</span> <span class='ocrx_word' id='word_1_279' title='bbox 642 2556 698 2602; x_wconf 87' lang='lat'>83.</span> <span class='ocrx_word' id='word_1_280' title='bbox 725 2569 757 2591; x_wconf 89' lang='lat' dir='ltr'>a.</span> <span class='ocrx_word' id='word_1_281' title='bbox 792 2566 844 2592; x_wconf 85' lang='lat'>12.</span> <span class='ocrx_word' id='word_1_282' title='bbox 872 2556 917 2592; x_wconf 90' lang='lat' dir='ltr'>ad</span> <span class='ocrx_word' id='word_1_283' title='bbox 950 2563 1000 2594; x_wconf 80' lang='lat'>1¹¹².</span> 
     </span>
     <span class='ocr_line' id='line_1_34' title="bbox 312 2615 923 2663; baseline 0.005 -13"><span class='ocrx_word' id='word_1_284' title='bbox 312 2615 365 2661; x_wconf 83' lang='lat'>(3)</span> <span class='ocrx_word' id='word_1_285' title='bbox 392 2616 519 2651; x_wconf 77' lang='lat' dir='ltr'>Contr.</span> <span class='ocrx_word' id='word_1_286' title='bbox 545 2626 644 2663; x_wconf 90' lang='lat' dir='ltr'>gent.</span> <span class='ocrx_word' id='word_1_287' title='bbox 670 2617 693 2652; x_wconf 94' lang='grc'>1.</span> <span class='ocrx_word' id='word_1_288' title='bbox 723 2625 755 2661; x_wconf 88' lang='lat'>3.</span> <span class='ocrx_word' id='word_1_289' title='bbox 783 2628 802 2651; x_wconf 91' lang='lat' dir='ltr'>c</span> <span class='ocrx_word' id='word_1_290' title='bbox 844 2626 923 2663; x_wconf 84' lang='lat'>119.</span> 
     </span>
    </p>
   </div>
  </div>
 </body>
</html>
