1737 2802
758 132 1021 162 —110—

179 222 235 264 ita
269 220 341 277 qui
374 218 514 275 legem
549 215 736 259 custodit
771 215 955 258 honorat
993 213 1299 271 legislatorem,
1331 215 1422 257 eius
1456 213 1604 258 domi-

179 292 299 335 nium
319 289 675 333 etauctoritatem
701 288 881 345 practice
908 285 1276 343 recognoscendo.
1292 285 1442 330 Altero
1459 297 1605 329 autem

181 361 314 406 modo
348 362 616 404 honoramus
643 360 804 416 Deum,
832 358 1005 417 quaudo
1039 358 1199 417 aliquid
1233 359 1319 417 Ipsi
1353 357 1606 402 exhibemus

180 443 357 492 expresse
389 433 431 474 in
465 432 810 488 recognitionem
859 431 1067 488 supremi,
1113 429 1230 488 quod
1273 431 1315 473 in
1348 445 1427 474 nos
1461 428 1605 482 habet,

179 505 377 548 dominii.
399 529 457 536 —
475 503 538 546 Ex
573 503 637 545 his
672 514 801 560 patet,
827 501 930 559 quid
955 503 1125 559 proprie
1149 501 1367 559 loquendo
1390 503 1445 545 sit
1468 501 1607 544 cultus

179 578 274 621 Dei.
310 575 494 632 Scilicet,
530 575 726 632 quamvis
759 574 898 617 latiori
922 589 1047 617 sensu
1074 575 1217 616 omnis
1241 587 1358 617 actus
1383 573 1608 630 honestus,

179 666 231 693 eo
250 648 368 707 quod
386 661 447 692 est
465 647 633 690 divinae
652 646 758 704 legis
778 646 990 703 custodia,
1014 646 1095 689 dici
1119 659 1245 704 queat
1269 646 1430 704 cultus;
1463 659 1606 690 tamen

180 736 307 764 sensu
342 721 519 778 proprio
553 734 599 761 ac
633 734 781 776 presso
817 718 955 762 cultus
979 730 1041 761 est
1065 718 1267 761 exhibitio
1291 717 1488 772 alicuius,
1511 734 1547 762 e.
1565 733 1607 775 g.

182 792 480 851 prostrationis
506 807 579 834 seu
607 790 919 834 humiliationis
939 791 1150 848 corpori5‚
1168 791 1264 833 Deo
1282 789 1389 834 facta
1410 805 1608 848 expresse

181 881 227 908 ac
251 863 484 907 formaliter
509 864 551 906 in
577 864 932 921 protestationem
954 875 1124 905 nostrae
1153 861 1200 905 ab
1224 878 1276 905 eo
1300 861 1609 920 dependentiae

182 936 415 995 plenaeque
450 935 666 978 servitutis
701 933 785 992 (1).

302 1008 383 1050 Hic
418 1022 549 1063 porro
593 1006 675 1049 Dei
710 1004 847 1048 cultus
894 1004 1170 1062 distinguitur
1215 1004 1386 1063 dupleX,
1423 1007 1610 1049 internus

182 1092 222 1123 et
245 1088 431 1122 externus
453 1078 526 1134 (2).
552 1077 725 1134 Duplici
749 1077 864 1119 enim
889 1076 1022 1119 modo
1056 1093 1289 1134 possumus
1324 1078 1467 1121 Deum
1492 1093 1610 1121 reco—

181 1166 389 1209 gnoscere
424 1163 468 1193 ut
502 1164 756 1207 supremum
801 1148 1048 1207 dominum,
1089 1162 1369 1208 nostramque
1402 1150 1488 1208 Ipsi
1522 1165 1610 1194 ser-

181 1224 365 1266 vitutem
417 1221 630 1279 profiteri:
682 1221 734 1279 α)
767 1220 931 1264 actibus
967 1236 1084 1264 mere
1116 1221 1315 1275 internis,
1349 1221 1422 1279 qui
1455 1236 1612 1280 nempe

182 1297 226 1338 in
260 1295 404 1337 animo
440 1305 639 1336 maneant
663 1308 738 1336 nec
764 1293 949 1335 exterius
975 1291 1317 1346 manifestentur,
1337 1308 1372 1337 e.
1393 1309 1436 1351 g.
1459 1292 1611 1336 humili

183 1367 339 1411 mentis
373 1366 628 1409 devotione:
660 1363 717 1423 β)
750 1363 912 1407 actibus
947 1364 1077 1407 etiam
1112 1365 1318 1421 externis,
1344 1366 1418 1423 qui
1451 1363 1613 1409 scilicet

183 1440 268 1482 sint
301 1438 456 1481 interni
491 1436 628 1479 cultus
663 1435 882 1480 sensibiles
917 1437 1217 1495 expressiones
1245 1448 1286 1480 et
1313 1435 1500 1480 visibiles
1523 1452 1612 1480 ma-

183 1510 490 1562 nifestationes,
525 1521 571 1551 ut
602 1507 760 1562 verbis,
796 1509 990 1566 corporis
1025 1507 1341 1564 humiliatione,
1380 1524 1612 1567 rerumque

182 1594 454 1625 externarum
503 1579 720 1623 oblatione
762 1578 827 1638 (hi
862 1580 978 1622 enim
1012 1592 1109 1623 sunt
1133 1592 1217 1623 tres
1252 1581 1468 1639 praecipui
1491 1579 1611 1624 modi

183 1666 356 1696 externe
390 1653 534 1696 Deum
572 1650 775 1710 colendi).

302 1726 499 1768 Iamvero
533 1725 577 1766 in
612 1736 837 1782 comperto
887 1736 966 1776 est,
1017 1723 1244 1767 hominem
1291 1723 1472 1768 naturali
1519 1723 1614 1782 lege

183 1797 364 1855 obligari
384 1795 435 1839 ad
453 1795 740 1840 exhibendum
763 1795 858 1838 Deo
880 1795 1043 1838 cultum
1067 1797 1284 1839 internum.
1310 1796 1408 1839 Hoc
1432 1795 1614 1839 omnino

186 1881 300 1927 patet
334 1885 384 1912 ex
417 1868 527 1911 thesi
562 1866 867 1926 praecedente:
901 1868 974 1926 qui
1008 1880 1071 1911 est
1094 1883 1244 1912 servus
1262 1869 1358 1923 Dei,
1374 1881 1415 1912 et
1437 1867 1614 1928 quidem

283 2114 337 2160 (1)
365 2128 382 2145 «
402 2113 534 2149 Colere
562 2114 694 2158 Deum,
720 2114 769 2149 ita
793 2126 819 2149 s.
848 2112 1026 2155 Thomas,
1050 2113 1089 2148 in
1118 2121 1148 2156 3.
1175 2121 1265 2148 sent.
1292 2112 1373 2149 dist.
1401 2122 1439 2160 9.-
1462 2125 1494 2161 q.
1528 2125 1555 2150 1.
1580 2125 1615 2151 a.

193 2185 233 2219 1.‚
259 2183 313 2209 est
338 2173 474 2221 aliquid
500 2173 673 2208 exhibere
699 2174 780 2209 Deo
799 2174 835 2208 in
856 2173 1159 2220 protestationem
1179 2173 1403 2209 servitutisz»
1431 2174 1524 2209 sicut
1542 2172 1620 2209 feu-

185 2233 344 2268 datarius
370 2232 504 2280 aliquid
532 2233 646 2268 reddit
677 2233 829 2268 domino
856 2233 891 2267 in
919 2233 1210 2279 recognitionem
1238 2232 1403 2270 dominii.

283 2293 336 2338 (2)
364 2293 412 2328 Ut
439 2293 486 2328 ait
515 2293 654 2334 Suarez.
670 2293 712 2327 de
739 2294 816 2328 virt.
845 2302 879 2328 et
907 2299 1002 2328 statu
1028 2292 1229 2339 Religionis
1254 2301 1360 2330 tract.
1385 2292 1516 2329 1.1.11.
1535 2303 1566 2327 c.
1586 2302 1618 2328 2.

187 2364 222 2387 n.
250 2362 293 2394 2.‚
318 2363 341 2385 ‹<
368 2351 484 2386 cultus
515 2352 634 2387 solum
662 2353 791 2387 dicitur
829 2353 982 2387 internus
1019 2351 1078 2387 vel
1117 2356 1282 2396 externus,
1322 2353 1405 2400 quia
1445 2352 1543 2388 intus
1581 2352 1618 2387 in

188 2412 312 2446 anima
337 2410 393 2445 vel
421 2421 520 2446 extra
548 2423 609 2457 per
637 2423 765 2458 corpus
794 2411 846 2447 fit:
890 2421 1040 2459 uterque
1078 2420 1200 2447 autem
1238 2412 1355 2447 cultus
1393 2411 1463 2447 dici
1500 2419 1619 2458 potest

188 2478 287 2505 actus
313 2480 479 2505 externus
507 2471 619 2516 ipsius
646 2471 860 2518 Religionis,
891 2473 973 2519 quia
1000 2472 1050 2507 sic
1083 2471 1342 2507 denominatur
1373 2483 1439 2518 per
1474 2470 1621 2507 habitu-

191 2529 313 2564 dinem
351 2529 394 2564 ad
432 2531 600 2565 virtutem
640 2539 828 2578 tamquam
867 2531 910 2567 ad
949 2530 1168 2577 principium
1201 2542 1306 2567 suum
1344 2530 1618 2578 quodammodo

192 2588 434 2624 extrinsecum
462 2601 523 2624 seu
551 2600 744 2626 remotum.
774 2604 796 2619 x*
