1737 2802
722 78 958 118 ..26-

247 173 357 215 Hinc
391 171 545 215 docent
578 171 831 215 Aristoteles
855 170 921 229 (1)
953 182 994 214 et
1043 186 1076 214 s.
1123 166 1338 225 Thomas,
1388 172 1554 216 iustum

127 244 359 301 simpliciter
393 240 654 285 intercedere
688 241 864 299 quidem
899 242 1009 284 inter
1057 242 1200 284 cives:
1248 256 1401 285 verum
1447 242 1558 286 inter

127 328 290 371 patrem
325 325 365 356 et
401 311 554 366 filium,
591 312 822 356 dominum
847 325 886 355 et
909 327 1099 369 servum,
1123 313 1265 354 virum
1288 325 1329 356 et
1354 327 1554 370 uxorem,

128 398 338 443 quatenus
371 384 474 428 tales
509 397 624 437 sunt,
658 399 742 426 non
779 399 872 426 esse
895 384 976 427 nisi
1001 384 1164 426 iustum
1188 382 1429 427 secundum
1452 383 1555 442 quid

126 472 199 498 seu
234 455 644 508 similitudinarium‚
666 469 718 498 ex
752 453 921 498 defectu
956 453 1116 497 scilicet
1148 453 1297 512 plenae
1320 455 1555 499 alteritatis.

127 528 189 570 En
221 526 347 569 verba
370 525 568 583 Angelici
591 526 798 569 Doctoris
822 525 906 584 (2):
939 543 959 567 «
982 526 1053 569 Ius
1077 526 1166 568 sive
1199 526 1366 569 iustum
1399 525 1556 569 dicitur
1611 541 1615 544 ’

126 614 200 656 per
234 598 701 641 commensurationem
736 597 785 640 ad
819 597 1015 640 alterum.
1050 596 1252 640 Alterum
1286 609 1434 641 autem
1482 611 1558 655 po·

125 683 207 712 test
240 668 322 711 dici
357 668 596 725 dupliciter.
632 669 733 712 Uno
769 668 904 711 modo
937 667 1055 726 quod
1089 667 1347 726 simpliciter
1367 659 1434 713 es't
1455 667 1558 712 alte-

127 756 237 796 rum,
270 741 379 782 sicut
404 739 521 797 quod
545 752 609 783 est
642 740 824 783 omnino
860 739 1126 794 distinctum,
1162 740 1274 783 sicut
1305 751 1480 798 apparet
1513 739 1558 782 in

127 809 293 854 duobus
328 810 594 863 hominibus,
620 825 810 868 quorum
835 826 947 854 unus
980 825 1069 853 non
1103 823 1165 854 est
1188 809 1266 854 sub
1300 810 1448 864 altero,
1481 809 1557 854 sed

127 882 251 925 ambo
285 894 385 924 sunt
419 882 497 924 sub
531 898 618 925 uno
654 883 844 940 principe
877 882 1075 936 civitati83
1112 894 1151 925 et
1196 882 1306 925 inter
1338 880 1440 925 tales
1483 896 1556 925 se-

127 952 315 995 cundnm
350 951 667 1010 Philosophum
702 964 765 995 est
799 951 1054 1009 simpliciter
1088 953 1252 995 iustum
1286 949 1462 1010 (ἁπλῶς
1496 948 1556 995 δι’-

126 1023 289 1082 καιον).
323 1023 421 1067 Alio
465 1023 599 1067 modo
648 1023 804 1067 dicitur
839 1023 998 1081 aliquid
1031 1023 1236 1079 alterum‚'
1265 1038 1354 1066 non
1389 1021 1556 1080 simpli-

128 1097 242 1149 citer,
276 1095 351 1138 sed
385 1096 504 1153 quasi
555 1095 715 1153 aliquid
761 1096 852 1139 eius
887 1096 1086 1139 existens:
1119 1108 1160 1138 et
1193 1095 1279 1138 hoc
1328 1093 1464 1138 modo
1513 1094 1556 1137 in

127 1166 252 1209 rebus
286 1166 486 1209 humanis
520 1165 631 1209 filius
660 1179 722 1209 est
747 1166 905 1224 aliquid
929 1167 1074 1224 patriS,
1097 1166 1198 1224 quia
1223 1164 1557 1224 quodammodo

127 1251 190 1280 est
225 1253 320 1295 pars
354 1239 461 1293 eius,
497 1251 543 1281 ut
576 1237 731 1282 dicitur
764 1238 901 1282 Ethic.
935 1239 1053 1283 VIII.
1082 1251 1146 1282 12.
1182 1249 1224 1280 et
1245 1238 1300 1281 V.
1326 1240 1363 1281 6.
1389 1234 1557 1299 (ὥσπερ

127 1309 258 1372 μέρῡς
293 1309 462 1367 aomo),
487 1323 527 1353 et
550 1326 697 1354 servus
731 1323 794 1354 est
827 1310 986 1368 aliquid
1020 1310 1204 1363 domini,
1237 1310 1337 1367 quia
1378 1320 1444 1352 est
1490 1309 1553 1351 in-

126 1394 417 1424 strumentum
444 1382 552 1434 eius,
578 1394 624 1424 ut
649 1381 803 1425 dicitur
825 1381 993 1425 Politic.
1017 1382 1048 1425 I.
1077 1395 1114 1425 2.
1141 1379 1305 1444 (ὥσπερ
1329 1377 1555 1444 ὄργανον).

127 1453 178 1495 Et
213 1451 309 1495 ideo
344 1453 474 1510 patris
498 1452 549 1496 ad
571 1451 709 1495 filium
733 1468 819 1496 non
844 1466 906 1496 est
930 1453 1210 1511 comparatio,
1235 1453 1345 1496 sicut
1368 1450 1418 1494 ad
1443 1451 1556 1494 sim-

126 1523 290 1581 pliciter
323 1524 502 1580 iustum,
537 1537 577 1567 et
608 1537 785 1582 propter
820 1523 902 1567 hoc
943 1539 1032 1567 non
1081 1535 1144 1567 est
1191 1522 1248 1566 ibi
1295 1521 1551 1579 simpliciter

125 1594 302 1651 iustum,
319 1594 393 1638 sed
415 1594 633 1652 quoddam
668 1596 846 1652 iustum,
879 1595 1037 1638 scilicet
1065 1603 1315 1653 paternum:
1339 1606 1380 1637 et
1404 1592 1554 1637 eadem

128 1667 294 1709 ratione
320 1682 397 1709 nec
420 1667 532 1710 inter
550 1666 780 1711 dominum
798 1681 838 1710 et
860 1683 1052 1721 servum„
1079 1667 1154 1710 sed
1178 1679 1242 1710 est
1266 1667 1375 1710 inter
1393 1681 1467 1709 eos
1486 1665 1555 1709 do-

128 1739 378 1781 minativmn
411 1740 588 1782 iustum.
621 1739 745 1782 Uxor
778 1753 935 1793 autem,
970 1739 1166 1797 quamvis
1189 1739 1245 1781 sit
1268 1737 1427 1796 aliquid
1458 1737 1560 1794 viri,

128 1809 225 1866 quia
249 1823 524 1867 comparatur
557 1809 607 1853 ad
642 1826 758 1868 eum,
791 1811 900 1853 sicut
933 1809 983 1853 ad
1027 1810 1252 1868 proprium
1303 1823 1475 1866 corpu8‚
1507 1818 1559 1850 ut

219 2052 270 2099 (1)
297 2053 386 2088 Loc.
415 2065 500 2099 nup.
529 2054 585 2088 cit,

216 2116 267 2160 (2)
294 2115 381 2150 Loc.
410 2116 480 2150 iarn
508 2117 565 2151 cit.
595 2116 635 2150 In
663 2127 823 2161 respons.
851 2115 893 2150 ad
922 2123 965 2150 2¹¹¹
991 2116 1079 2150 haec
1107 2117 1215 2150 verba
1243 2116 1362 2152 addit:
1405 2129 1424 2149 «
1442 2116 1558 2151 Filius.

122 2177 323 2221 inquantum
343 2175 439 2220 filius
466 2186 518 2210 est
546 2176 678 2222 aliquid
706 2177 826 2221 patris,
843 2184 876 2210 et
897 2175 1061 2210 similiter
1079 2187 1200 2210 servus
1219 2176 1420 2222 inquantum
1437 2185 1553 2211 servus

124 2244 174 2270 est
200 2234 334 2280 aliqu‘d
355 2234 505 2269 domini.
522 2236 681 2282 Uterque
700 2245 822 2271 tamen
841 2245 945 2282 prout
965 2236 1210 2270 consideratur
1227 2241 1265 2270 ut
1281 2236 1425 2282 quidam
1441 2236 1557 2279 homo‚‚

123 2303 175 2328 est
201 2294 334 2341 aliquid
361 2295 560 2329 secundum
589 2306 626 2329 se
652 2295 852 2330 subsistens
877 2297 920 2330 ab
948 2295 1028 2330 aliis
1055 2295 1276 2331 distinctum.
1314 2296 1357 2331 Et
1383 2295 1465 2331 ideo
1491 2295 1550 2329 in-

124 2359 284 2399 quantum
313 2358 452 2400 uterque
479 2359 525 2388 est
551 2355 660 2397 homo,
687 2355 808 2401 aliquo
836 2355 948 2390 modo
976 2355 1019 2389 ad
1048 2367 1110 2390 eos
1138 2364 1188 2390 est
1216 2356 1362 2391 iustitia.
1391 2355 1436 2390 Et
1462 2365 1551 2401 pro-

123 2421 201 2458 pter
226 2412 295 2447 hoc
323 2414 430 2448 etiam
458 2413 597 2459 aliquae
624 2414 721 2460 leges
749 2414 877 2449 dantur
903 2414 946 2449 de
973 2415 1054 2457 his,
1096 2426 1187 2460 quae
1232 2423 1315 2449 sunt
1356 2414 1464 2460 patris
1507 2412 1551 2448 ad

123 2471 253 2515 filiurn,
281 2473 338 2508 vel
364 2473 502 2507 domini
529 2473 572 2507 ad
599 2484 754 2508 servum.
781 2474 849 2509 Sed
877 2475 1089 2521 inquantum
1128 2483 1276 2520 uterque
1319 2482 1371 2509 est
1415 2471 1555 2520 aliquid

124 2531 271 2573 alterius,
299 2532 496 2566 secundum
524 2532 595 2567 hoc
623 2531 741 2568 deficft
768 2533 815 2568 ibi
842 2532 999 2579 perfecta
1024 2534 1116 2569 ratio
1145 2534 1225 2568 iusti
1249 2535 1306 2569 vel
1332 2534 1419 2569 iuris
1444 2529 1478 2566 ¹»,
