1737 2802
818 122 1081 165 -142-

242 209 390 260 minus,
424 206 489 249 vel
523 206 564 248 in
603 204 767 248 bonum
814 205 993 263 aequale.
1042 206 1089 264 γ)
1137 205 1413 264 Dispensatio
1459 208 1549 251 voti
1597 219 1662 251 est
1716 197 1734 232 '²³

242 279 433 322 absoluta
476 280 566 320 eius
611 276 871 320 condonatio
921 292 994 320 seu
1044 276 1245 320 relaxatio
1291 278 1469 322 nomine
1515 279 1599 324 Dei
1644 296 1666 324 a

242 352 464 410 superiore
497 351 696 407 legitimo
731 348 836 392 facta
867 348 946 406 (1).
983 350 1098 393 Haec
1131 349 1396 407 dispensatio
1439 349 1564 394 debet
1597 351 1666 396 di-

244 424 404 480 stingui
429 422 475 465 ab
500 422 846 479 interpretatione,
871 436 892 462 a
915 436 997 478 qua
1021 420 1180 464 scilicet
1215 435 1478 479 magnopere
1513 421 1666 467 differt.

242 496 357 539 Nam
393 494 652 551 dispensatio
686 493 892 550 supponit
926 492 1073 535 adesse
1107 492 1327 536 vinculum
1352 505 1446 537 actu
1471 493 1666 552 obligans

244 580 283 610 et
316 565 418 609 illud
452 564 688 622 abrumpit:
725 565 1021 621 interpretatio
1056 578 1158 607 vero
1182 567 1389 623 supponit
1413 567 1557 624 potius
1580 581 1669 610 non

243 637 390 681 adesse
423 635 660 679 illiusmodi
694 634 929 692 vinculum,
953 648 993 677 et
1017 634 1099 678 hoc
1124 634 1320 693 declarat,
1343 652 1500 695 nempe
1523 639 1669 695 ipsum

246 727 391 769 reapse
424 724 512 752 non
547 709 742 752 existere.
778 707 926 760 Quare
975 706 1234 764 dispensatio
1269 724 1357 751 non
1391 721 1534 766 potest
1580 707 1671 753 fleri

244 783 325 826 nisi
358 797 431 840 per
465 781 732 838 superiorem
768 791 1043 837 potestatem:
1078 780 1372 837 interpretatio
1405 793 1549 824 autem
1584 796 1669 839 po-

245 868 328 898 test
351 853 567 897 interdum
590 852 680 895 fieri
706 852 955 894 auctoritate
979 852 1103 894 etiam
1129 852 1307 909 privata,
1334 868 1408 910 per
1431 852 1670 896 doctrinam

247 928 392 985 potius
427 941 554 983 quam
591 940 665 982 per
698 923 1058 976 iurisdictionem,
1092 924 1302 980 quamvis,
1335 936 1382 967 ut
1416 925 1470 967 sit
1501 924 1672 968 authen-

247 1001 326 1042 tica
360 1010 400 1041 et
434 1012 521 1040 non
555 1011 671 1039 mere
705 995 959 1049 doctrinalis,
994 994 1181 1052 postulet
1231 1007 1272 1038 et
1320 996 1409 1053 ipsa
1459 995 1673 1054 publicam

248 1082 505 1129 potestatem
540 1071 611 1123 (2).

345 1315 399 1359 (1)
427 1314 528 1349 Haec
555 1312 791 1355 condonatio,
820 1312 936 1347 dicere
975 1312 1054 1358 quis
1093 1320 1228 1357 posset,
1265 1322 1342 1346 non
1369 1320 1422 1346 est
1459 1309 1676 1361 dispensatio,

248 1375 311 1411 sed
339 1385 390 1411 est
418 1374 570 1409 remissio
597 1373 701 1408 debiti
738 1373 844 1418 <sicut
872 1371 986 1407 homo
1024 1372 1212 1406 remittens
1247 1371 1408 1406 debiturn
1447 1371 1676 1418 promittenti

249 1447 324 1470 non
352 1435 548 1481 dispensat,
576 1433 638 1467 sed
667 1432 778 1467 donat
805 1433 857 1466 ius
885 1431 1019 1477 suum),
1049 1440 1101 1466 est
1126 1432 1309 1477 abrogatio
1335 1431 1421 1466 voti.
1449 1451 1494 1458 —
1522 1444 1541 1464 «
1560 1432 1674 1475 Haec,

249 1495 446 1541 respondet
471 1494 614 1536 Suarez‚
641 1492 684 1526 de
710 1501 798 1526 voto
826 1491 849 1526 l.
868 1491 931 1526 VI.
953 1502 983 1525 c.
1010 1502 1042 1538 9.
1062 1503 1096 1526 n.
1117 1500 1180 1536 17„
1199 1491 1243 1526 de
1268 1491 1402 1525 nomine
1419 1499 1561 1526 tantum
1580 1501 1676 1528 sunt.

249 1555 307 1590 Ad
318 1555 473 1602 primum
495 1552 608 1600 (quod
627 1564 758 1598 nempe
777 1552 905 1586 debeat
924 1551 1046 1597 potius
1065 1551 1133 1585 dici
1151 1551 1301 1586 remissio
1316 1551 1436 1597 debiti)
1457 1551 1571 1587 fateor
1583 1552 1677 1588 hanc

252 1626 329 1650 esse
357 1615 550 1662 quamdam
578 1613 831 1647 remissionem
859 1611 969 1646 debiti
994 1611 1145 1646 nomine
1172 1612 1240 1646 Dei
1267 1611 1414 1656 factam,
1441 1623 1532 1659 quae
1558 1621 1678 1659 potest

253 1677 322 1710 dici
349 1675 513 1710 absolutio
540 1673 598 1708 vel
624 1673 803 1715 relaxatio,
831 1681 866 1706 et
892 1673 939 1706 ita
965 1671 1104 1706 tollitur
1131 1673 1294 1719 quaestio
1321 1673 1367 1708 de
1399 1674 1561 1708 nomine.
1602 1673 1678 1708 Ta-

253 1748 336 1771 men
364 1736 446 1782 quia
472 1746 547 1769 non
574 1735 673 1769 Deus
692 1734 769 1779 ipse
788 1732 1008 1774 immediate,
1027 1732 1088 1766 sed
1108 1743 1170 1777 per
1188 1743 1292 1766 suum
1310 1733 1498 1768 Vicarium
1517 1742 1551 1768 et
1579 1734 1679 1780 quasi

253 1796 538 1841 dispensatorem
568 1794 660 1828 hanc
688 1792 771 1827 facit
799 1792 1065 1834 remissionem,
1093 1792 1176 1827 ideo
1202 1792 1336 1827 merito
1370 1792 1590 1838 dispensatio
1626 1793 1681 1828 di-

255 1856 356 1897 citur,
384 1866 427 1889 eo
455 1854 513 1888 vel
532 1853 691 1887 maxime
718 1852 814 1899 quod
834 1862 909 1886 non
938 1860 1088 1886 vocatur
1115 1852 1338 1897 dispensatio
1356 1852 1393 1886 in
1414 1857 1596 1899 praecepto
1616 1853 1678 1888 sed

253 1915 289 1948 in
313 1919 407 1956 voto;
437 1925 478 1948 ex
506 1924 573 1959 qua
600 1912 638 1946 fit
664 1921 701 1946 ut
729 1920 842 1946 cesset
869 1911 1044 1957 obligatio
1072 1913 1255 1958 praecepti
1280 1911 1453 1948 reddendi
1479 1921 1580 1954 vota,
1597 1912 1680 1948 licet

255 1976 290 2008 in
317 1986 360 2009 eo
388 1985 462 2008 non
491 1973 726 2019 dispensetur.
744 1971 802 2006 Ad
828 1970 1006 2006 secundum
1024 1972 1137 2018 (quod
1163 1983 1296 2018 nempe
1317 1972 1445 2009 debeat
1464 1973 1584 2019 potius
1610 1973 1682 2008 dici

254 2034 433 2079 abrogalio
458 2034 548 2076 voti)
576 2033 684 2068 etiam
713 2031 864 2066 concedi
890 2040 1020 2077 potest,
1047 2030 1140 2066 hanc
1173 2042 1251 2066 esse
1289 2031 1483 2078 quamdam
1522 2032 1680 2079 abroga-

254 2093 393 2127 tionem
422 2093 507 2135 voti,
535 2092 694 2126 maxime
720 2090 863 2138 quando
883 2091 1042 2126 totaliter
1067 2088 1235 2125 aufertur:
1266 2102 1352 2126 nam
1377 2091 1406 2126 si
1426 2103 1469 2126 ex
1495 2090 1594 2138 parte
1620 2102 1681 2126 au-

257 2151 401 2194 feratur,
429 2160 463 2186 et
489 2163 531 2185 ex
557 2159 659 2196 parte
685 2149 906 2196 relinquatur
934 2149 988 2195 (ut
1011 2149 1088 2184 fieri
1116 2149 1262 2196 potest),
1282 2150 1400 2195 magis
1416 2149 1583 2185 retinebit
1601 2161 1682 2186 mo-

256 2211 341 2245 dum
368 2212 660 2257 dispensationis.
693 2211 967 2253 Verumtamen,
995 2210 1079 2245 licet
1105 2219 1273 2256 respectu
1299 2210 1411 2256 ipsius
1448 2220 1635 2256 personae,
1661 2220 1682 2244 a

254 2283 322 2317 qua
346 2281 473 2306 votum
500 2269 669 2312 aufertur,
697 2269 861 2304 videatur
886 2269 974 2304 haec
1003 2280 1085 2304 esse
1111 2270 1187 2305 voti
1227 2269 1429 2315 abrogatio,
1455 2278 1579 2305 tamen
1618 2279 1679 2305 re·

257 2339 383 2376 spectu
411 2330 562 2364 aliorum
591 2329 802 2363 habentium
836 2328 968 2363 similia
1007 2337 1104 2372 vota,
1132 2340 1151 2363 a
1178 2329 1305 2375 quibus
1342 2339 1419 2363 non
1457 2326 1679 2368 auferuntur,

257 2398 406 2424 vocatur
430 2388 519 2423 haec
546 2388 784 2435 dispensatio,
811 2389 893 2434 quia
910 2389 1035 2434 iugum
1063 2389 1247 2431 castitatis,
1274 2388 1370 2423 verbi
1389 2387 1516 2435 gratia,
1543 2387 1586 2422 ab
1606 2396 1682 2420 uno

257 2447 416 2484 aufertur
442 2458 476 2484 et
502 2461 576 2484 non
605 2450 648 2483 ab
675 2449 890 2483 omnibus.»

353 2508 410 2553 (2)
436 2507 492 2544 Cf.
520 2508 664 2551 Suarez,
692 2508 735 2543 de
762 2517 850 2543 voto
878 2507 900 2543 l.
927 2508 990 2544 VI.
1009 2520 1038 2543 c.
1057 2519 1089 2555 9.
1104 2519 1218 2543 aenum.
1237 2516 1269 2542 2.
1297 2506 1351 2543 Cf.
1373 2506 1482 2542 etiarn
1508 2517 1608 2541 num.
1628 2514 1680 2548 4.:

258 2582 275 2597 «
293 2567 543 2614 Interpretatio
564 2568 638 2602 voti
666 2576 826 2603 versatur
845 2566 901 2602 vel
930 2568 1023 2603 circa
1041 2567 1231 2602 materiam
1248 2565 1307 2602 vel
1323 2566 1418 2601 circa
1436 2565 1682 2601 intentionem

1713 153 1733 183 2³.

1732 269 1735 295 i
