1737 2802
780 121 838 130 —.
873 110 958 153 294
990 121 1048 131 —

196 207 344 235 secum
380 193 475 249 ipso
508 206 555 235 ac
589 191 667 235 sibi
703 193 900 250 proprias
935 192 1145 237 efficiendi
1181 209 1247 237 res
1281 195 1411 238 etiam
1445 194 1635 241 stabiles.

197 266 312 308 Haec
347 277 490 307 autem
526 277 730 321 potestaS,
755 266 952 322 quamvis
987 280 1076 308 non
1110 266 1164 308 sit
1187 266 1349 310 actuale
1383 266 1632 312 dominium

195 335 466 393 proprietatis
501 350 574 378 seu
601 336 666 378 ius
694 337 735 378 in
762 351 804 378 re
839 335 922 379 ulla
948 337 1212 394 particulari,
1235 350 1379 380 tamen
1405 351 1467 382 est
1490 339 1636 397 ipsius-

195 408 325 450 veluti
360 408 499 464 radix,
532 420 596 450 est
630 408 765 465 ipsius
801 409 921 465 quasi
956 423 1089 451 semen
1123 424 1196 451 seu
1222 424 1397 466 germen:
1421 423 1485 454 est
1509 412 1632 455 eni-m

193 479 250 534 id,
284 495 333 522 ex
367 495 469 536 quo,
505 480 540 521 si
574 478 729 521 debitis
766 478 886 522 factis
921 495 995 522 seu
1031 478 1178 523 debito
1215 479 1427 524 humanae
1474 483 1633 526 activi-

192 552 288 594 tatis
312 552 513 594 exercitio
538 550 870 608 quodammodo
885 551 1171 608 foecundetur,
1194 552 1355 595 actuale
1379 551 1631 598 dominium·
1690 539 1692 541 ,

191 638 266 665 seu
301 624 366 665 ius
402 624 443 664 in
492 621 567 665 hac
601 622 667 665 vel
700 621 767 664 illa
817 621 1097 666 determinata
1142 639 1185 666 re
1219 625 1471 668 naturaliter
1520 639 1629 668 ena-

191 695 325 737 scitur
359 695 432 750 (Ι).

311 767 363 809 II.
400 766 464 808 Ex
500 766 622 808 dictis
657 764 799 808 solves
835 765 960 821 hanc,
999 781 1108 823 quae
1142 781 1267 824 saepe
1301 765 1517 824 obiicitur,
1549 766 1630 810 dif-

189 837 435 881 ficultatem.
470 837 531 891 Id,
566 836 683 894 quod
735 837 895 894 pendet
945 854 966 880 a
1009 837 1142 880 libero
1191 837 1383 880 hominis
1433 838 1632 891 arbitrio,

190 909 272 953 dici
308 910 456 967 nequit
489 908 694 952 naturale.
729 910 862 966 Atqui
910 909 1157 952 dominium
1206 910 1419 967 privatum
1468 910 1625 968 pendet

188 998 209 1025 a
241 981 376 1024 libero
412 982 603 1024 hominis
639 980 824 1024 arbitrio.
860 982 975 1038 Ergo
1010 981 1091 1024 dici
1124 982 1273 1039 nequit
1322 981 1529 1025 naturale.
1565 1007 1629 1015 -

188 1053 465 1110 Respondeo.
486 1053 592 1096 Dist.
612 1054 716 1096 mai.
741 1052 805 1108 Id,
828 1052 946 1110 quod
963 1054 1152 1110 proxime
1176 1052 1352 1110 quidem
1377 1051 1623 1109 completur

187 1140 263 1183 per
295 1124 477 1168 liberum
501 1124 692 1167 hominis
727 1124 966 1181 arbitrium,
988 1133 1132 1168 remote
1155 1139 1258 1167 vero
1283 1123 1477 1181 procedit
1501 1139 1522 1166 a
1544 1139 1627 1166 na-

185 1211 280 1240 tura
314 1213 420 1254 quae
443 1196 494 1239 ad
518 1197 661 1253 ipsum
696 1195 870 1238 inclinat
893 1210 934 1238 et
969 1194 1133 1238 confert
1156 1196 1240 1250 ius,
1266 1196 1416 1253 nequit
1440 1195 1522 1238 dici
1547 1209 1628 1237 na-

186 1268 320 1312 turale
348 1283 459 1324 nego,
484 1267 540 1324 id,
565 1267 682 1325 quod
708 1270 819 1311 unice
844 1267 1003 1325 pendet
1028 1283 1050 1310 a
1072 1266 1207 1311 libero
1231 1267 1422 1310 hominis
1447 1266 1628 1309 arbitrio·

185 1350 313 1384 trans.
353 1339 605 1384 Contradist.
642 1341 740 1382 min.
777 1340 1040 1383 Dominium
1075 1341 1288 1396 privatum
1335 1341 1377 1382 in
1419 1338 1625 1396 potentia,

184 1412 210 1456 i.
245 1428 280 1455 e.
316 1423 506 1469 potestas
539 1410 750 1454 efficiendi
786 1410 864 1453 sibi
900 1411 1096 1468 proprias
1146 1426 1211 1454 res
1261 1411 1494 1453 exteriores
1544 1424 1622 1452 ea-

184 1499 368 1541 rumque
403 1483 648 1526 dominium
694 1483 960 1540 acquirendi,
996 1482 1156 1541 pendet
1190 1482 1380 1526 a·libero
1425 1481 1625 1525 hominis-

182 1553 356 1598 arbitrio
391 1569 502 1609 nego,
539 1553 784 1596 dominium
829 1554 1048 1610 privatum
1095 1556 1139 1597 in
1173 1562 1285 1610 actu,
1320 1555 1345 1596 i.
1382 1569 1416 1597 e.
1452 1551 1622 1596 actuale·

180 1627 247 1669 ius
281 1626 324 1668 in
349 1625 426 1668 hac
458 1625 524 1668 vel
548 1625 615 1667 illa
648 1640 692 1667 re
716 1625 916 1682 peculiari
941 1624 1076 1677 subd„
1104 1624 1261 1683 pendet
1286 1626 1397 1668 unice
1431 1641 1452 1668 a
1477 1623 1621 1668 libero-

181 1697 374 1740 hominis
408 1696 599 1752 arbitrio,
631 1695 791 1753 absque
824 1695 964 1739 radice
997 1711 1075 1739 seu
1110 1695 1396 1739 fundamento
1430 1696 1474 1739 in
1525 1697 1622 1753 ipsa

180 1768 371 1811 hominis
405 1780 556 1810 natura
588 1782 698 1824 nego,
722 1767 1005 1825 consequitur
1034 1767 1222 1824 proxime
1256 1779 1398 1810 actum
1423 1765 1612 1825 aliquem

179 1840 310 1884 libere
345 1841 554 1897 positum,
579 1848 727 1882 remote
760 1851 903 1881 autem
930 1852 994 1882 est
1014 1855 1035 1882 a
1068 1851 1231 1896 natura,
1255 1854 1362 1897 quae
1387 1839 1620 1882 hominem

179 1912 356 1956 inclinat
389 1913 514 1969 eique
538 1911 607 1955 dat
631 1923 889 1969 potestatem
924 1927 998 1954 seu
1022 1912 1090 1954 ius
1113 1911 1165 1954 ad
1199 1925 1265 1954 res
1300 1910 1445 1954 debito
1479 1910 1624 1954 modo·

179 1983 259 2027 sibi
293 1984 571 2041 acquirendas
605 1998 709 2027 conc.

298 2056 527 2110 Videlicet,
573 2056 765 2099 naturale
813 2054 969 2098 dicitur
1018 2070 1109 2098 non
1159 2070 1262 2112 uno,
1295 2054 1371 2098 sed
1419 2053 1623 2113 pluribus.

179 2128 337 2172 modis.
371 2153 424 2161 —
462 2129 590 2181 Quos
624 2129 733 2171 inter
758 2126 917 2171 modos
951 2127 1020 2170 hic
1054 2127 1182 2170 etiam
1207 2140 1271 2170 est
1304 2125 1617 2170 recensendus:-

178 2199 283 2242 illud
317 2214 490 2257 quoque
530 2198 726 2242 «dicitur
758 2198 965 2255 naturale,
999 2198 1055 2241 ad
1087 2197 1196 2256 quod
1228 2206 1386 2241 natura
1419 2190 1618 2251 inelinat,

176 2270 243 2314 sed
276 2270 477 2314 mediante
511 2270 633 2314 libero
666 2270 838 2314 arbitrio
873 2269 1110 2327 completur,
1146 2269 1256 2312 sicut
1304 2281 1434 2312 actus,
1469 2268 1620 2313 virtu.-

271 2583 325 2630 (1)
353 2581 405 2619 Cf.
435 2583 629 2630 Tapareffl,
658 2594 750 2618 corso
777 2583 871 2618 clem.
900 2583 936 2617 di
963 2589 1035 2619 nat.
1065 2564 1198 2626 dirittu,
1224 2594 1326 2618 num.
1357 2590 1442 2616 112„
