1737 2802
832 130 1096 173 ,150-

250 226 488 258 ramentum
514 210 558 253 fit
591 211 656 254 vel
690 227 764 269 per
787 212 930 268 ipsum
965 212 1124 265 Deum,
1144 211 1214 255 vel
1250 199 1335 270 per*
1359 229 1450 257 rem
1484 213 1672 273 aliquam

251 298 448 329 creatam.
468 282 636 340 Duplici
662 295 803 325 autem
830 281 963 325 modo
987 295 1127 341 potest
1150 298 1215 326 res
1239 296 1375 327 creata
1393 284 1679 340 considerari,

250 356 455 400 nimirum
489 354 554 397 vel
579 354 815 397 secundum
851 370 894 396 se
916 353 981 397 vel
1015 354 1251 398 secundum
1281 355 1400 414 quod
1432 357 1475 399 in
1510 372 1558 400 ea
1579 357 1677 401 elu-

249 441 314 470 cet
346 439 416 470 aut
450 425 785 483 apprehenditur
818 424 1011 468 divinum
1044 426 1233 469 Numen.
1269 426 1330 471 Re
1365 439 1502 470 creata
1543 429 1679 486 priori

250 497 384 541 modo
429 499 631 554 inspecta,
666 512 739 554 per
771 511 862 539 eam
904 497 1040 538 iurare
1088 511 1175 539 non
1224 509 1287 540 est
1335 513 1489 541 verum
1540 500 1676 544 iusiu-

250 569 443 613 randum.
480 570 530 612 Et
563 583 661 611 sane
693 568 758 611 vel
793 583 858 611 res
893 567 960 610 illa
994 566 1192 624 intelligit
1226 567 1284 621 id,
1322 568 1442 626 quod
1479 568 1680 626 dicimus,

250 642 315 686 vel
348 657 449 684 non.
486 641 529 684 Si
564 640 647 682 hoc
680 639 875 693 alterum,
909 638 1088 682 stultum
1135 652 1197 683 est
1246 655 1340 683 eam
1376 640 1585 686 adducere
1631 644 1676 687 in

249 714 564 757 testimonium.
601 713 645 756 Si
669 713 874 769 primum,
898 724 1039 769 potest
1063 711 1240 769 quidem
1262 713 1406 755 vocari
1431 713 1676 758 secundum

249 801 294 828 se
327 786 368 827 in
402 784 717 837 testimonium,
753 798 839 826 non
888 795 1031 825 tamen
1082 795 1125 825 ut
1175 784 1311 840 prima
1358 796 1399 827 et
1449 783 1681 829 infallibilis

249 858 419 900 veritas:
447 855 529 898 hoc
563 867 702 897 autem
737 855 969 912 requiritur
991 854 1041 896 ad
1066 856 1290 912 proprium
1313 870 1556 913 verumque
1589 857 1676 899 ius-

249 926 495 983 iurandum,
530 939 576 968 ut
603 927 652 982 is,
675 927 746 983 qui
771 926 814 967 in
838 925 1136 968 testimonium
1172 926 1412 981 invocatur,
1452 927 1679 971 invocetur

249 1012 467 1056 tamquam
501 999 652 1041 veritas
703 998 837 1055 prima
886 1009 1013 1055 atque
1063 996 1306 1041 infallibilis.
1340 1000 1397 1041 At
1446 1015 1491 1042 re
1540 1012 1676 1043 creata

249 1070 381 1113 altero
415 1069 548 1112 modo
581 1070 782 1126 inspecta,
817 1081 946 1126 prout
978 1067 1137 1111 scilicet
1173 1067 1344 1127 speciali
1376 1069 1560 1128 quadam
1598 1086 1681 1113 -ra-

248 1143 367 1184 tione
401 1140 595 1184 divinum
627 1141 806 1185 Numen
840 1141 882 1182 in
923 1155 969 1182 ea
1008 1140 1254 1183 continetur
1303 1153 1374 1183 aut
1427 1140 1584 1195 elucet,
1618 1143 1678 1185 sic

250 1230 325 1272 per
357 1229 451 1256 eam
485 1214 623 1256 iurare
657 1225 719 1255 est
753 1227 903 1254 verum
939 1211 1252 1256 iusiurandum.
1286 1213 1349 1256 Ita
1383 1214 1454 1271 qui
1486 1229 1560 1272 per
1583 1229 1680 1257 coe-

250 1285 341 1328 lum
376 1286 496 1338 iurat,
532 1297 728 1327 censetur
759 1285 898 1327 iurare
932 1299 1006 1341 per
1040 1285 1204 1341 Deum,
1225 1285 1297 1342 qui
1334 1285 1377 1327 in
1411 1285 1548 1339 coelo,
1571 1296 1682 1328 tam-

250 1373 378 1416 quam
413 1373 492 1400 suo
526 1357 568 1399 in
602 1372 736 1414 regno
761 1372 833 1399 seu
857 1355 1033 1412 throno,
1068 1356 1239 1399 residet:
1275 1357 1349 1414 qui
1384 1372 1458 1414 per
1490 1369 1677 1400 sanctam

252 1430 441 1474 Crucem
476 1430 598 1485 iurat,
631 1444 705 1486 per
739 1429 849 1471 Eum
884 1428 1007 1480 iurat,
1044 1429 1118 1485 qui
1152 1443 1231 1485 pro
1266 1427 1392 1470 nobis
1415 1440 1538 1471 tanto
1561 1442 1679 1471 amo-

252 1503 309 1545 ris
343 1517 516 1544 excessu
551 1499 753 1558 pependit
785 1500 828 1542 in
849 1498 981 1556 ligno.
1006 1500 1113 1542 Item
1153 1500 1391 1543 «iuramus
1425 1515 1499 1558 per
1533 1500 1677 1543 Evan-

252 1573 430 1631 geliurn,
463 1572 572 1615 idest
606 1572 679 1630 per
715 1572 875 1627 Deum,
909 1571 1029 1613 cuius
1061 1571 1220 1614 veritas
1245 1572 1286 1614 in
1311 1570 1547 1629 Evangelio
1582 1587 1679 1614 ma-

251 1646 489 1703 nifestatur,
522 1658 562 1688 et
596 1661 670 1702 per
704 1645 900 1695 sanctos,
936 1644 1009 1701 qui
1044 1643 1151 1686 hanc
1198 1644 1424 1687 veritatem
1476 1642 1677 1688 credide-

251 1731 350 1762 runt
381 1730 422 1762 et
454 1717 829 1760 observaverunt»
860 1715 945 1774 (1).
970 1740 1026 1748 —-
1049 1715 1099 1774 γ)
1132 1716 1435 1759 Iusiurandum
1472 1714 1678 1760 dividitur

251 1791 292 1834 in
316 1791 579 1834 assertorium
597 1802 637 1831 et
649 1789 961 1847 promissorium
979 1787 1063 1846 (2).
1083 1788 1377 1831 Assertorium
1403 1800 1481 1842 est,
1505 1787 1678 1846 quando

252 1862 394 1905 Deum
429 1862 680 1903 invocamus
714 1858 966 1917 simpliciter
1011 1871 1057 1902 ut
1090 1867 1227 1903 testem
1273 1859 1461 1902 veritatis
1509 1874 1679 1913 eorum,

252 1949 360 1991 quae
394 1931 654 1975 affirmamus
687 1932 752 1975 vel
802 1946 1025 1988 negamus,
1059 1947 1094 1974 e.
1128 1946 1169 1988 g.
1205 1947 1285 1974 nos
1319 1930 1389 1974 tali
1442 1930 1509 1974 die
1555 1947 1603 1974 ea
1633 1932 1677 1975 in

252 2003 387 2047 domo
420 2004 589 2047 Titium
621 2002 793 2046 vidisse.
828 2002 1171 2045 Promissorium
1204 2014 1282 2059 est,
1316 2000 1488 2060 quando
1531 2001 1680 2045 Deum

348 2223 402 2269 (1)
429 2224 517 2259 Loc.
545 2225 605 2259 cit.
633 2232 698 2259 art.
727 2223 758 2259 6.

347 2283 402 2328 (2)
429 2283 487 2319 Cf.
517 2295 544 2318 s.
571 2283 770 2327 Thomam‚
798 2284 821 2321 1.
849 2283 909 2318 cit.
942 2290 1007 2317 art.
1041 2293 1067 2316 1.
1086 2301 1130 2307 —
1149 2282 1240 2317 Sunt
1258 2282 1318 2328 qui
1337 2282 1543 2316 iuramento
1569 2291 1683 2316 asser·

250 2342 346 2378 torio
375 2354 407 2378 et
434 2343 670 2388 promissorio
699 2343 832 2377 addant
852 2341 1174 2383 comminatorium,
1198 2352 1268 2388 quo
1288 2340 1371 2388 quis
1392 2340 1551 2387 aliquam
1578 2339 1682 2376 alteri

249 2403 436 2438 minitatur
463 2415 634 2448 poenam,
661 2403 780 2438 addita
807 2403 964 2449 supremi
991 2401 1162 2436 Numinis
1189 2401 1438 2442 invocatione,
1463 2409 1502 2435 ut
1541 2398 1681 2435 scilicet

249 2461 479 2496 iurisiurandi
505 2462 682 2506 religione
708 2461 897 2497 adstrictus
923 2472 997 2495 non
1024 2460 1152 2495 audeat
1179 2469 1335 2506 parcere.
1355 2459 1418 2500 Ea,
1441 2469 1531 2505 quae
1560 2457 1603 2492 de
1624 2457 1680 2492 iu-

251 2530 417 2556 ramento
444 2522 682 2567 promissorio
709 2521 876 2564 dicimus,
903 2529 1080 2568 aptentur,
1121 2519 1360 2566 proportione
1399 2526 1551 2560 servata,
1579 2518 1679 2552 iura-

250 2589 377 2616 mento
405 2581 514 2615 etiarn
542 2581 839 2616 comminatorio.

1709 0 1737 142 Ἰ

1733 148 1737 190 ἒ
