1737 2802
741 80 1009 123 —280-

157 174 276 218 dum:
311 186 458 217 utrum
494 174 630 226 Deus,
667 174 867 217 onmium
912 175 1073 217 iurium
1108 172 1204 217 fons
1249 187 1288 218 et
1341 175 1484 232 origo,
1517 173 1589 218 det

160 245 323 287 homini
364 246 428 287 ius
477 246 780 303 proprietatis?
831 247 969 289 Datne
1019 246 1327 290 tantummodo
1378 245 1589 290 humanae

157 317 365 370 societati,
389 332 439 359 an
474 331 576 359 vero
607 317 735 359 etiam
770 317 975 373 privatis?
1009 330 1050 359 et
1073 318 1106 359 si
1141 318 1314 374 privatis
1350 318 1478 361 etiam
1503 316 1590 375 dat,

157 401 337 442 quarum
368 403 512 430 rerum
538 387 782 431 dominium
809 389 912 445 ipsis
940 387 1134 431 confert?
1159 404 1266 432 anne
1290 405 1437 433 rerum
1461 389 1590 433 etiarn

158 459 401 502 stabilium?
436 472 477 502 et
512 475 585 517 per
619 475 748 517 quam
797 459 937 516 legem
973 476 1046 502 seu
1098 460 1324 518 quomodo
1374 461 1474 504 dat?
1525 461 1589 504 Sit

157 532 288 589 igitur

701 787 867 829 Tifflsis
905 787 1051 829 XXV.

159 917 357 961 Dominia
388 918 556 974 privata
593 932 731 960 rernm
764 918 883 959 etiam
930 916 1146 959 stabilium
1194 925 1290 959 sunt
1338 931 1363 959 a
1412 925 1587 973 natura,

278 1003 378 1045 qnae
412 1003 457 1031 ea
492 990 656 1032 omnino
691 987 890 1046 approbat
923 996 1093 1045 rataque
1131 987 1259 1030 habet.
1314 986 1456 1042 Quare
1499 1002 1595 1031 sen-

280 1061 408 1102 tentia
447 1060 830 1103 Conzmm‘zistczrmn
864 1068 921 1103 est
956 1060 1118 1103 omnino
1151 1058 1381 1103 reficienda.

281 1175 351 1217 80.
385 1175 757 1217 PRAENOTIONES.
779 1173 1088 1217 Partitionibus
1107 1174 1307 1230 dominii,
1324 1189 1428 1232 quas
1447 1175 1532 1218 iam
1551 1174 1594 1217 in

161 1245 443 1301 praecedente
491 1245 600 1288 thesi
649 1244 921 1302 tradidimus,
971 1244 1095 1288 debet
1144 1244 1239 1288 addi
1274 1245 1376 1288 haec
1409 1245 1500 1289 alia.
1520 1270 1593 1286 .—

164 1319 423 1360 Dominium
448 1316 661 1360 subiectiva
695 1317 938 1374 inspectum
966 1329 1107 1374 potest
1133 1317 1302 1374 concipi
1338 1315 1512 1374 duplex,
1537 1315 1595 1359 al-

158 1403 297 1432 terum
334 1388 592 1431 individuale
625 1404 699 1431 seu
729 1389 962 1446 privatum,
989 1387 1169 1431 alterum
1192 1389 1333 1431 sociale
1361 1404 1436 1432 seu
1470 1387 1597 1431 colle-

156 1463 326 1504 clivum.
361 1459 485 1513 Illud,
522 1462 641 1502 cuius
676 1459 918 1502 subiectum
954 1461 1008 1503 sit
1045 1475 1181 1502 unum
1221 1459 1495 1502 individuum
1527 1459 1595 1502 vel

152 1533 282 1574 etiam
308 1547 389 1574 una
414 1531 589 1585 familia,
614 1544 677 1573 est
704 1531 965 1574 individuale
990 1547 1065 1574 seu
1091 1533 1320 1589 privatum.
1340 1530 1450 1575 Illud
1467 1547 1589 1585 vero,

155 1604 277 1646 cuius
302 1602 546 1645 subiectum
580 1603 634 1644 sit
669 1603 832 1659 civitas,
856 1603 881 1645 i.
908 1619 944 1645 e.
969 1604 1150 1646 societas
1176 1619 1227 1646 ex
1257 1603 1447 1661 plurium
1472 1600 1596 1644 fami-

155 1674 308 1716 liarum
344 1674 504 1716 unione
540 1673 762 1729 resultans,
797 1673 866 1716 vel
899 1675 1135 1731 generatim
1175 1675 1464 1718 communitas
1509 1673 1595 1716 hu-

159 1760 281 1787 mana
315 1758 379 1787 est
413 1744 570 1788 sociale
605 1760 679 1787 seu
715 1745 1004 1792 collectivum.

274 1817 472 1859 Iamvero
508 1815 559 1859 de
611 1815 810 1859 dominio
848 1817 1016 1874 privato
1052 1820 1170 1860 (cum
1204 1830 1346 1861 autem
1383 1816 1480 1860 dico
1515 1815 1594 1859 do·

158 1888 361 1944 minium,
380 1885 576 1943 intelligo
600 1887 831 1930 dominium
848 1888 1032 1945 plenum)
1057 1888 1293 1946 quaeritur,
1320 1900 1464 1930 utrum
1489 1885 1594 1930 illud

156 1960 211 2001 sit
255 1959 461 2012 naturale,
497 1961 522 2002 i.
563 1975 597 2002 e.
651 1959 889 2003 secundum
930 1961 1217 2003 intentionem
1257 1972 1446 2016 naturae,
1486 1975 1594 2018 quae

155 2030 259 2073 illud
293 2030 503 2088 approbet
539 2043 768 2089 ratumque
817 2032 996 2075 habeat?
1029 2057 1087 2065 —
1121 2033 1166 2076 Si
1211 2045 1360 2089 agatur
1411 2031 1461 2075 de
1511 2030 1596 2074 do-

162 2101 299 2144 minio
336 2102 503 2158 privato
537 2102 645 2144 circa
680 2118 745 2145 res
785 2101 892 2159 illas,
916 2118 1024 2160 quae
1057 2101 1152 2145 solo
1184 2118 1263 2145 usu
1300 2101 1596 2156 destruuntur,

156 2187 352 2229 quaeque
388 2171 561 2225 idcirco,
588 2185 633 2215 ut
667 2174 750 2215 iam
776 2173 979 2225 diximus,
1005 2173 1271 2216 transitoriae
1303 2171 1593 2230 appellantur,

157 2257 310 2285 omnes
346 2242 466 2286 facile
517 2246 778 2287 conveniunt
813 2244 919 2288 illud
953 2259 1046 2287 esse
1097 2243 1301 2288 naturale.
1354 2244 1589 2286 Dissensus

156 2326 221 2356 est
254 2315 397 2372 quoad
432 2315 678 2359 dominium
716 2317 930 2374 privatum
966 2317 1076 2359 circa
1109 2331 1175 2358 res
1209 2315 1393 2366 stabiles,
1419 2312 1510 2356 illas
1533 2314 1598 2355 vi-

156 2385 325 2442 delicet,
358 2401 542 2443 quarum
577 2387 811 2431 substantia
845 2404 919 2446 per
958 2403 1086 2431 usum
1121 2403 1210 2431 non
1246 2388 1370 2445 perit,
1405 2386 1592 2428 maxime

155 2471 258 2499 vero
294 2458 402 2499 circa
434 2473 561 2514 agros
597 2472 636 2501 et
670 2458 841 2502 fundos.
880 2461 977 2502 Hoc
1012 2460 1141 2502 etiam
1176 2474 1269 2502 esse
1302 2455 1496 2502 naturale
1531 2453 1595 2498 af-

154 2527 325 2570 firmant
359 2527 550 2585 plurimi:
585 2543 741 2586 negant
775 2543 919 2573 autem
955 2542 994 2573 et
1031 2529 1261 2588 praefracte
1291 2541 1450 2586 negant
1481 2541 1594 2572 com-
