1737 2802
785 131 1049 166 -120‘...

199 235 273 278 per
308 217 512 276 positivas
547 217 662 275 leges
697 230 768 261 aut
803 217 1011 262 humanas
1046 218 1382 263 consuetudines
1413 221 1550 278 magis
1588 221 1633 264 in

200 290 424 335 individuo
459 289 818 335 determinantur.

319 361 455 415 Quod
489 377 592 405 vero
627 374 787 419 spectat
830 362 879 406 ad
914 363 1103 420 priorem
1153 376 1317 422 partem
1365 364 1629 422 negativam,

196 450 243 477 ea
278 433 503 491 praecipue
527 445 639 475 vetat
675 432 986 491 blasphemiam,
1022 447 1061 478 et
1095 448 1408 494 consequenter
1443 435 1629 480 idolola-

200 505 339 547 triam.
365 503 468 546 Dixi
491 513 786 562 consequenter:
812 519 910 547 nam
934 503 1173 548 idololatria
1203 505 1428 564 «includit,
1452 518 1498 550 ut
1520 519 1634 550 recte

200 588 320 618 notat
354 591 385 619 s.
423 574 622 619 Thomas
657 575 742 633 (1),
778 590 980 632 magnam
1014 575 1338 635 blasphemiam,
1375 578 1634 636 inquantum

201 648 298 691 Deo
332 646 597 691 subtrahitur
632 647 815 691 dominii
849 648 1135 705 singularitas.
1170 665 1190 688 »

320 719 353 763 Ι.
388 719 677 777 Blasphemia,
711 720 745 762 si
777 720 898 763 vocis
945 732 1123 778 etymon
1168 733 1333 779 spectes
1380 720 1425 780 (a
1457 719 1635 781 βλάβη,

200 805 327 848 noxa,
360 792 426 834 vel
460 808 480 834 a
514 789 720 850 βλάπτω,
756 790 894 848 laedo,
928 804 968 834 et
1003 790 1142 850 φήμη,
1178 791 1326 851 fama),
1361 804 1425 836 est
1449 792 1564 836 idem
1589 808 1636 836 ac

201 862 331 906 laesio
366 861 520 916 famae,
557 862 810 906 obtrectatio
856 861 1016 906 nefaria
1049 879 1124 907 seu
1159 863 1417 909 convicium.
1452 865 1636 918 Verum,

201 946 248 977 ut
272 935 327 978 ait
351 950 382 979 s.
408 936 679 992 Augustinus
703 934 790 994 (2),
824 934 989 992 «vulgo
1023 934 1286 993 blasphemia
1309 951 1396 980 non
1419 936 1636 994 accipitur,

201 1007 282 1050 nisi
333 1023 433 1050 cum
482 1008 577 1065 quis
627 1007 734 1050 mala
779 1007 904 1050 verba
937 1007 989 1051 de
1022 1009 1120 1052 Deo
1155 1009 1271 1053 dicit.
1307 1026 1330 1049 »
1366 1009 1514 1066 Itaque
1545 1007 1638 1052 bla-

201 1079 401 1137 sphemia
449 1091 563 1122 recte
606 1080 666 1122 sic
701 1079 926 1123 definitur:
975 1080 1156 1124 verbum
1207 1079 1537 1134 maledictionis,
1570 1080 1639 1124 vel

202 1150 384 1193 convicii
416 1165 491 1193 seu
528 1150 813 1194 contumeliae
848 1152 891 1194 in
925 1152 1085 1195 Deum.
1111 1178 1171 1183 ——
1197 1152 1265 1195 Fit
1297 1163 1441 1195 autem
1475 1150 1637 1210 duplici

202 1221 356 1280 modo,
387 1223 597 1266 nimirum
636 1241 658 1262 «
681 1223 748 1266 vel
777 1222 976 1281 negando
1007 1223 1058 1267 de
1081 1224 1192 1281 Deo,
1216 1224 1334 1282 quod
1367 1214 1418 1267 ei
1438 1224 1639 1267 convenit

201 1293 260 1353 (e.
294 1310 334 1352 g.
370 1294 561 1338 divinam
597 1294 950 1354 providentiam),
978 1296 1043 1339 vel
1067 1295 1296 1340 asserendo
1331 1295 1383 1339 de
1415 1309 1483 1352 e0,
1519 1294 1638 1354 quod

202 1367 240 1410 ei
275 1381 364 1410 non
399 1367 599 1410 convenit
632 1367 689 1426 (e.
724 1383 764 1424 g.
801 1383 902 1411 eum
937 1367 1189 1425 appellando
1223 1366 1458 1426 iniustum)
1492 1385 1515 1408 »
1551 1366 1636 1426 (3).

202 1438 356 1481 Dices:
392 1453 538 1482 nonne
570 1437 833 1497 blasphemia
861 1437 907 1482 fit
931 1439 1060 1483 etiam
1084 1438 1314 1483 tribuendo
1339 1451 1556 1483 creaturae
1579 1437 1637 1496 id,

202 1509 320 1568 quod
354 1522 417 1552 est
450 1510 531 1553 Dei
566 1511 828 1568 proprium?
863 1510 1125 1569 Respondeo
1159 1526 1259 1555 cum
1293 1526 1326 1556 s,
1350 1510 1528 1555 Thoma
1549 1510 1638 1570 (4):

298 1754 351 1800 (1)
377 1754 417 1789 In
438 1764 469 1790 2.
498 1764 530 1790 2.
558 1767 590 1802 q.
618 1764 674 1802 94.
703 1766 736 1790 a.
769 1763 800 1798 3.
825 1755 868 1790 ad
899 1762 952 1791 2¹¹¹.

299 1813 357 1858 (2)
384 1812 462 1848 Lib.
489 1824 521 1850 2.
540 1813 583 1848 de
610 1814 704 1849 Mor.
720 1814 879 1850 Manich.
901 1826 929 1849 c.
953 1826 1004 1850 11.
1024 1816 1115 1851 Item
1143 1827 1170 1851 s.
1191 1815 1370 1862 Thomas,
1388 1826 1419 1852 2.
1442 1826 1474 1852 2.
1494 1828 1525 1864 q.
1560 1817 1641 1862 158.

202 1884 234 1907 a.
262 1883 306 1918 7.:
337 1873 493 1908 «Verba
519 1872 698 1908 iniuriosa
725 1874 754 1909 si
779 1874 850 1910 sint
878 1884 1003 1910 contra
1029 1876 1162 1922 Deum,
1189 1877 1254 1912 erit
1282 1876 1503 1924 blasphemia:
1530 1876 1560 1912 si
1579 1888 1639 1912 au-

201 1940 276 1966 tem
304 1941 429 1967 contra
459 1932 680 1978 proximum,
707 1933 925 1978 contumelia.
944 1947 966 1969 »
993 1935 1266 1971 Contumeliam
1305 1935 1534 1972 definivimus
1567 1947 1633 1972 su-

203 1991 337 2037 perius,
366 1991 405 2026 th
443 1992 486 2026 11.
513 2004 615 2028 num.
641 2003 672 2038 9.
701 2005 782 2040 pag.
812 2004 880 2036 40„
907 1993 1108 2030 laesionem
1136 1995 1305 2031 iniustam
1339 1995 1490 2031 honoris
1531 1996 1641 2033 alteri

205 2050 336 2085 debiti.

298 2110 356 2155 (3)
385 2110 424 2144 In
454 2121 485 2145 2.
515 2121 545 2145 2.
573 2122 604 2157 q.
637 2123 689 2157 13.
715 2124 746 2147 a.
778 2124 807 2148 1.
834 2132 879 2139 —
905 2113 1112 2148 Secundum
1140 2114 1229 2149 haec
1256 2126 1330 2149 non
1358 2123 1512 2161 possunt
1539 2126 1629 2161 pro-

202 2169 276 2215 prie
302 2169 488 2216 loquendo
516 2169 689 2217 distingui
717 2171 878 2207 diversae
905 2172 1046 2219 species
1071 2173 1212 2218 peccati
1245 2174 1504 2221 blasphemiae.
1524 2173 1640 2220 Quod

202 2228 253 2262 sic
282 2227 438 2264 declarat
466 2241 493 2264 s.
519 2229 696 2273 Thomas,
725 2231 747 2266 l.
775 2243 807 2266 e.
829 2232 872 2266 ad
907 2238 970 2274 3¹¹¹.:
999 2233 1240 2268 «Attribuere
1268 2235 1362 2277 Deo,
1383 2233 1480 2281 quod
1509 2234 1543 2268 ei
1563 2244 1639 2268 non

202 2289 391 2331 convenit,
418 2289 476 2324 vel
504 2301 692 2326 removere
718 2292 761 2326 ab
790 2303 845 2333 eo.
875 2292 970 2338 quod
997 2293 1029 2327 ei
1057 2295 1242 2335 convenit,
1270 2305 1345 2329 non
1372 2292 1544 2329 differunt
1570 2294 1639 2328 nisi

201 2348 403 2383 secundum
431 2348 712 2385 affirmationem
741 2361 775 2386 et
802 2351 1057 2397 negationem,
1080 2363 1172 2399 quae
1199 2353 1345 2399 quidem
1365 2352 1552 2389 diversitas
1568 2352 1639 2387 ha-

202 2408 295 2443 bitus
320 2408 481 2454 speciem
510 2420 584 2443 non
611 2409 812 2456 distinguit3
842 2411 922 2458 quia
952 2422 1016 2457 per
1042 2411 1208 2447 eamdem
1228 2413 1421 2448 scientiam
1440 2411 1637 2447 innotescit

204 2456 340 2501 falsitas
366 2467 648 2502 affirmationum
677 2479 711 2504 et
738 2470 991 2515 negationum,
1021 2480 1054 2506 et
1084 2482 1147 2517 per
1183 2472 1354 2507 eamdem
1390 2472 1636 2519 ignorantiam

203 2536 356 2573 utroque
383 2527 495 2562 modo
524 2538 671 2571 erratur;
700 2540 782 2564 cum
809 2531 956 2576 negatio
984 2532 1159 2577 probetur
1185 2543 1247 2579 per
1271 2532 1566 2568 affirmationem.
1586 2544 1609 2565 »

300 2587 357 2632 (4)
382 2587 423 2623 L.
453 2598 546 2622 nunc
573 2588 630 2623 cit.
658 2589 700 2622 ad
733 2596 786 2632 3¹².
