1737 2802
763 70 1032 124 ...275-

178 176 242 207 est
276 164 341 206 ius
389 161 655 220 percipiendi
689 178 740 205 ex
773 177 818 206 re
868 161 1097 205 utilitatem
1148 161 1442 220 fructumque,
1482 163 1615 207 etiam

178 250 357 280 omnem
390 248 445 288 tv,
480 250 521 291 g.
557 235 622 277 ius
656 232 958 277 deambulandi
996 234 1038 277 in
1074 233 1204 277 horto
1239 246 1279 277 et
1313 249 1366 277 ex
1399 249 1451 278 eo
1484 249 1619 292 poma

179 307 294 352 olera
329 306 598 364 reliquasque
633 305 777 363 fruges
814 304 1110 364 absumendi):
1132 305 1245 348 aliud
1280 319 1345 349 est
1377 306 1443 348 ius
1467 303 1617 363 dispo·

178 378 306 422 nendi
340 378 391 421 de
426 393 469 420 re
503 376 645 435 quoad
679 378 816 434 ipsam
852 379 944 420 eius
980 376 1264 420 substantiam
1288 377 1342 432 (v.
1369 392 1408 435 g.
1436 378 1503 420 ius
1537 376 1616 421 do-

178 449 307 493 nandi
340 462 381 492 et
412 448 625 492 vendendi
659 447 851 505 bortum,
885 464 1077 506 eumque
1112 449 1241 492 etiam
1277 447 1528 492 destruendi
1561 448 1614 492 ad

180 521 361 564 domum
389 520 545 564 ibidem
571 519 913 578 aedificandam).
938 519 1170 563 Manifeste
1204 535 1340 562 unum
1364 520 1456 563 sine
1480 518 1614 563 altero

179 608 273 637 esse
306 605 449 651 potest
483 604 523 635 et
555 591 665 635 solet
699 593 774 647 (Ι).
808 593 1006 635 Iamvero
1045 591 1292 635 dominium
1339 591 1615 650 proprietatis

178 681 267 708 non
299 678 362 708 est
385 664 561 722 plenum
595 676 636 707 et
659 663 910 721 perfectum,
936 665 1018 706 nisi
1050 663 1223 721 quando
1247 675 1484 721 utrumque
1506 661 1612 706 illud

178 739 262 790 ius,
298 749 338 779 et
371 736 546 794 quidem
585 735 709 793 plene
757 748 798 778 et
848 735 1052 793 perfecte,
1088 735 1404 794 complectitur.
1438 761 1495 769 —
1528 736 1614 779 Di-

179 810 288 852 citur
322 807 402 866 30.)
437 810 477 850 in
510 808 722 866 proprium
766 807 1036 852 commodum.
1072 809 1186 850 Hinc
1234 821 1414 862 tutoreS,
1447 823 1613 866 procu-

177 893 342 924 ratores
384 892 425 923 et
472 878 634 922 similes
683 878 983 936 excluduntur,
1017 881 1088 936 qui
1138 878 1298 923 scilicet
1349 891 1518 923 utentes
1568 895 1614 924 re

177 952 244 996 vel
277 952 554 1010 disponentes
589 951 640 994 de
673 967 733 1008 re,
767 967 813 994 ea
858 963 1037 994 utuntur
1074 950 1138 993 vel
1178 951 1230 994 de
1279 967 1327 994 ea
1376 952 1615 1009 disponunt

177 1024 221 1066 in
268 1022 435 1066 bonum
483 1037 572 1065 non
620 1021 797 1079 quidem
846 1037 998 1077 suum,
1037 1022 1113 1064 sed
1162 1021 1313 1080 pupilli
1361 1034 1433 1065 aut
1481 1020 1613 1075 illius,

177 1094 298 1137 cuius
332 1109 398 1136 res
430 1092 497 1135 vel
530 1093 704 1149 negotia
754 1104 920 1135 curant.
971 1093 1085 1135 Hinc
1135 1108 1312 1150 quoque
1359 1092 1613 1136 dominium

177 1165 454 1224 proprietatis
488 1180 510 1207 a
542 1164 740 1207 dominio
775 1163 1090 1206 iurisdictionis
1127 1164 1426 1222 distinguitur.
1465 1165 1614 1209 Nimi-

177 1252 290 1292 rum,
323 1251 389 1278 res
424 1251 532 1293 quae
565 1234 811 1292 possidetur
851 1248 898 1277 ut
934 1236 1123 1292 propria,
1156 1248 1219 1278 est
1254 1237 1296 1279 in
1330 1235 1495 1279 bonum
1529 1235 1616 1279 do-

175 1309 297 1365 mini,
331 1308 451 1351 cuius
486 1319 548 1350 est
582 1307 770 1364 propria,
804 1307 964 1364 quique
1000 1307 1182 1364 proinde
1227 1319 1371 1364 potest
1425 1322 1517 1350 eam
1567 1309 1611 1350 in

177 1395 306 1423 suum
341 1379 627 1422 commodum
661 1378 859 1421 ordinare
894 1393 967 1420 seu
995 1391 1258 1423 convertere.
1282 1381 1338 1422 At
1372 1378 1616 1422 iurisdictio

175 1467 250 1494 seu
285 1452 528 1507 auctoritas,
562 1466 669 1508 quae
704 1465 831 1507 supra
865 1449 970 1491 alios
1011 1461 1233 1507 tamquam
1284 1449 1482 1494 subditos
1533 1449 1614 1492 ha-

175 1521 312 1576 betur,
340 1535 403 1565 est
438 1523 481 1565 in
504 1522 664 1565 horum
696 1520 877 1576 bonum,
903 1536 993 1563 non
1030 1533 1173 1563 autem
1198 1521 1355 1565 directe
1379 1522 1422 1564 in
1444 1521 1611 1565 bonum

176 1593 311 1650 ipsius
336 1593 610 1651 possidentis:
629 1593 697 1635 hic
720 1593 755 1635 si
774 1593 1096 1647 auctoritatem,
1117 1608 1245 1650 quam
1269 1592 1410 1647 habet,
1428 1593 1614 1637 in=suam

175 1823 251 1846 non
281 1821 404 1857 posset
432 1811 535 1846 illum
575 1813 768 1847 comedere
807 1822 956 1860 propter
998 1813 1334 1860 improportionem
1372 1813 1616 1848 comestionis

176 1882 258 1905 cum
276 1871 433 1918 Angelo;
451 1872 499 1906 ita
518 1872 616 1906 Deus
635 1882 688 1907 est
716 1873 874 1919 perfecte
896 1874 1070 1908 dominus
1098 1875 1160 1916 rei,
1179 1873 1264 1909 licet
1292 1883 1375 1907 eam
1401 1883 1476 1907 non
1496 1873 1614 1919 possit

176 1941 386 1967 convertere
414 1932 449 1967 in
477 1933 669 1968 utilitatem
695 1944 797 1968 suam
824 1934 1075 1968 intrinsecam.
1095 1934 1188 1968 Satis
1217 1943 1269 1968 est
1297 1934 1327 1967 si
1354 1942 1531 1981 quantum
1559 1941 1613 1967 est

177 2003 222 2027 ex
248 2001 349 2038 parte
377 1993 462 2027 iuris
488 1993 523 2026 id
561 2005 635 2028 non
674 2003 862 2039 repugnet,
891 1994 976 2028 licet
1005 2002 1185 2040 repugnet
1212 2004 1255 2028 ex
1281 1993 1520 2040 incapacitate
1547 2003 1611 2026 su-

175 2051 295 2086 biecti.
323 2063 346 2085 »
369 2072 417 2077 —
442 2052 533 2086 Item
562 2063 681 2086 sermo
709 2062 761 2087 est
783 2051 825 2086 de
852 2053 954 2086 omni
983 2064 1048 2086 usu
1070 2061 1103 2087 et
1133 2051 1376 2098 dispositione
1404 2064 1423 2086 α
1450 2052 1521 2098 lege
1545 2062 1615 2086 non

170 2110 452 2156 prohibiti5.1us
479 2111 577 2144 enim
614 2120 664 2145 est
691 2109 844 2145 facultas
883 2111 1033 2145 moralis
1060 2122 1122 2145 seu
1162 2111 1317 2157 legitima
1358 2110 1458 2156 (vide
1496 2121 1616 2156 super.

175 2169 265 2205 thes.
292 2170 317 2204 I.
346 2181 430 2216 pag.
459 2170 539 2210 18.).
566 2170 690 2212 Quare
716 2182 790 2205 non
818 2179 937 2217 potest
967 2182 1004 2205 se
1043 2171 1238 2206 extendere
1267 2170 1311 2205 ad
1354 2182 1393 2206 ea
1421 2181 1511 2217 quae
1551 2180 1616 2216 per

175 2229 298 2276 legem
326 2239 503 2273 vetantur,
529 2230 573 2265 ad
592 2242 633 2264 ea
650 2242 740 2277 quae
768 2231 960 2265 inhonesta
992 2240 1076 2266 sunt
1102 2230 1160 2265 vel
1179 2230 1454 2266 irrationabilia.
1533 2229 1615 2264 Hoc

175 2298 284 2335 pacto
325 2289 433 2324 deber
471 2289 624 2336 intelligi
667 2290 844 2333 definitio,
873 2302 963 2337 quae
1004 2290 1222 2338 quandoque
1261 2290 1425 2333 traditur,
1459 2289 1613 2324 dominii

176 2348 417 2394 proprietatis:
443 2355 487 2383 est
514 2351 563 2384 ins
590 2350 707 2384 utendi
734 2355 833 2397 atque
859 2350 1032 2384 abutendi
1058 2362 1107 2386 re.

273 2409 327 2454 (1)
355 2409 413 2444 Sic
440 2410 550 2455 paulo
577 2410 755 2456 superius,
783 2422 862 2457 pag.
893 2419 985 2453 253.‚
1014 2411 1122 2445 verba
1148 2409 1307 2445 Lucretii
1347 2410 1384 2444 in
1424 2420 1503 2444 rem
1541 2419 1612 2444 no-

174 2475 286 2502 stram
314 2468 515 2514 derivantes
540 2469 757 2512 dicebamus,
786 2470 884 2516 quod
919 2471 993 2505 vita
1019 2471 1232 2517 «mancipio
1260 2469 1351 2504 nulli
1379 2469 1494 2512 datur,
1523 2479 1612 2503 orn-

173 2528 281 2562 nibus
309 2539 380 2561 usu⁴
403 2543 418 2558 »
