1737 2802
764 89 1033 144 -278-

183 177 465 236 distinguitur
507 182 732 239 praecipue
776 183 818 225 in
863 182 1109 228 dominium
1160 187 1357 231 directum
1409 201 1450 233 et
1501 190 1619 236 utile.

184 251 257 293 Est
289 250 520 305 directum,
555 253 735 311 quando
762 268 956 299 versatur
988 259 1296 303 tantummodo
1347 262 1458 304 circa
1505 261 1620 306 sub-

181 322 380 364 stantiam
416 324 490 367 rei:
525 323 607 367 hoc
641 325 944 383 imperfectum
979 327 1225 374 dominium
1259 346 1439 376 vocatur
1481 334 1611 377 etiam

181 393 356 445 nudum,
393 395 418 436 i.
443 410 477 437 e.
512 396 746 453 spoliatum
773 398 951 442 utilitate
985 399 1221 459 fructuum,
1245 418 1355 460 quos
1383 420 1450 448 res
1479 404 1618 450 affert,

183 463 256 505 Est
289 463 406 521 utile,
439 466 612 523 quaudo
662 480 856 511 versatur
890 471 1200 515 tantummodo
1241 473 1347 516 circa
1382 490 1510 518 usum
1544 476 1613 520 vel

182 535 504 579 usumfructum
539 539 597 580 rei
627 539 702 595 (1):
728 539 978 584 huiusmodi
1015 542 1262 586 dominium
1296 557 1410 589 recte
1444 547 1503 590 sic
1536 562 1616 591 vo·

181 620 313 660 catur,
347 608 455 665 utile,
489 611 685 654 videlicet
720 629 764 655 se
798 628 843 655 se
889 614 1115 670 porrigens
1151 615 1201 658 ad
1236 616 1438 659 utilitates
1483 633 1535 661 ex
1568 633 1618 661 re>

180 677 312 722 aliena
344 682 585 739 capiendas,
619 683 731 726 salva
765 684 878 727 illius
913 685 1153 729 substantia
1187 691 1261 738 (ΩΑ.

300 768 368 809 79.
401 756 652 799 SCHOLION.
689 757 805 799 Haec
839 758 966 799 etiam
992 758 1148 801 iuverit
1181 758 1617 805 animadvertere.—

184 825 263 883 10.)
299 827 601 884 Proprietarius
633 828 693 870 rei
728 827 906 870 alicuius
957 827 1113 871 dicitur
1148 830 1196 886 is,
1233 830 1305 886 qui
1344 830 1510 888 plenum
1542 832 1612 875 vel

179 897 328 939 saltem
363 897 557 941 directum
592 899 651 941 rei
686 898 798 941 illius
833 898 1082 942 dominium
1133 899 1271 957 habet,
1299 912 1339 943 et
1373 902 1619 958 opponitur*

179 971 234 1022 ei,
261 972 328 1012 cui
361 985 455 1013 usus
484 983 650 1013 tantum
686 972 907 1027 competit:
933 971 1002 1013 liic
1027 970 1185 1014 dicitur
1210 972 1419 1028 usuarius,
1445 972 1616 1030 usufru-

178 1043 377 1095 ctuarius,
401 1042 652 1099 emphyteuta
672 1055 749 1086 etc.
768 1069 825 1074 ——
845 1043 926 1101 2⁰.)
953 1044 1052 1096 Res,
1073 1042 1124 1086 de
1149 1058 1230 1100 qua
1249 1043 1344 1100 quis
1367 1055 1508 1101 potest
1526 1043 1614 1086 dis-

179 1128 355 1172 ponere,
383 1127 446 1157 est
479 1116 721 1158 transitoria
754 1114 820 1157 vel
854 1114 1021 1169 stabilis,
1057 1127 1185 1174 prout
1210 1116 1305 1172 ipso
1341 1131 1419 1158 usu
1456 1131 1611 1159 consu-

179 1186 325 1238 mitur,
354 1198 397 1228 ut
421 1198 520 1229 sunt
553 1185 770 1229 esculenta
795 1199 835 1230 et
859 1186 1102 1245 poculenta,
1130 1186 1197 1230 vel
1230 1201 1333 1244 non,
1358 1200 1403 1230 ut
1424 1199 1488 1230 est
1510 1202 1618 1245 ager

272 1372 324 1417 (1)
353 1372 434 1407 Usus
461 1382 495 1407 et
522 1372 735 1417 ususfructus
762 1385 837 1408 non
877 1382 959 1408 sunt
996 1373 1149 1407 omnino
1188 1372 1297 1407 idem.
1328 1387 1344 1403 «
1367 1372 1424 1407 Uli
1450 1381 1484 1407 et
1517 1371 1614 1418 frui,

177 1431 225 1466 ita
252 1432 392 1475 Gerdil,
416 1441 519 1468 tract.
547 1434 590 1468 de
618 1433 697 1468 iust.
725 1441 758 1467 et
787 1433 862 1467 iure
891 1441 981 1479 part.
1010 1433 1055 1468 II.
1086 1433 1176 1478 disp.
1207 1444 1233 1468 1.
1269 1444 1344 1478 cap.
1392 1444 1431 1474 1.,
1459 1433 1510 1467 sic
1536 1431 1608 1467 dif-

175 1489 306 1534 ferunt,
332 1500 369 1526 ut
401 1503 485 1525 usus
511 1492 723 1527 necessitate
751 1493 1076 1534 circumscribatur,
1105 1492 1226 1527 fruitio
1254 1492 1297 1526 ad
1330 1492 1439 1526 aliam
1479 1504 1608 1539 quam-

174 1563 329 1598 cumque
357 1552 546 1586 utilitatem
574 1554 760 1597 pertineat.
790 1553 911 1598 Itaque
940 1553 989 1585 ius
1016 1552 1131 1585 utendi
1150 1563 1223 1585 non
1251 1552 1359 1586 aliam
1380 1553 1526 1597 praebet
1553 1551 1610 1586 fa·

172 1611 355 1653 cultatem,
383 1612 450 1645 nisi
478 1623 553 1645 rem
579 1611 811 1646 fructuariam
836 1612 1030 1646 adhibendi
1058 1612 1102 1645 ad
1130 1624 1209 1646 eam
1249 1614 1504 1648 necessitatem
1549 1612 1612 1647 veli

174 1671 380 1713 utilitatem,
408 1670 451 1704 ad
479 1682 586 1717 quam
617 1672 690 1716 ipsa
718 1681 770 1706 est
799 1671 918 1716 primo
947 1681 1171 1716 comparata.
1199 1671 1254 1705 Ius
1275 1670 1422 1716 fruendi
1459 1672 1611 1717 praebet

174 1731 384 1767 facultatem
412 1733 520 1766 etiam
549 1731 683 1766 fructus
711 1743 754 1765 ex
781 1743 819 1765 ea
851 1742 887 1765 re
919 1730 1138 1776 prodeuntes
1167 1731 1339 1774 donandi,
1365 1732 1546 1766 vendendi
1573 1741 1608 1768 et

173 1793 522 1839 quomodocumque
550 1792 740 1827 alienandi.
770 1793 827 1827 Sic
856 1792 927 1833 ille,
956 1792 1015 1837 qui
1048 1791 1156 1826 habet
1195 1802 1335 1825 merum
1376 1802 1481 1825 usum
1510 1803 1542 1827 v.
1571 1803 1611 1838 g..

174 1853 285 1895 horti,
315 1862 437 1898 potest
464 1853 498 1886 in
527 1864 570 1887 eo
599 1852 846 1895 deambulare,
876 1863 986 1898 poma
1013 1852 1111 1887 olera
1148 1861 1180 1887 et
1223 1851 1378 1898 reliquas
1405 1851 1525 1898 fruges
1562 1851 1611 1886 ad·

175 1923 280 1947 suum
308 1924 529 1959 suorumque
555 1913 692 1947 victum
719 1913 895 1958 accipere:
930 1924 1003 1947 non
1045 1923 1108 1947 eos
1148 1911 1284 1948 fructus
1327 1913 1499 1948 arbitratu
1539 1924 1611 1948 suo

173 1974 364 2008 absumere
391 1982 425 2007 et
453 1973 799 2020 quomodocumque
828 1972 997 2014 alienare,
1020 1973 1108 2006 sicut
1137 1973 1197 2018 qui
1217 1971 1482 2007 usumfructum
1510 1972 1606 2008 horti

174 2035 326 2070 habet.»
357 2055 404 2061 —-
430 2035 521 2069 Hinc
548 2045 666 2079 super.
693 2034 783 2068 thes.
811 2033 854 2067 ΙΙ.
873 2045 954 2080 pag.
977 2043 1028 2075 34.
1056 2043 1308 2068 enumerantes
1335 2034 1460 2068 decem
1488 2033 1612 2068 varias·

173 2098 254 2142 (pro
273 2095 447 2129 varietate
476 2093 690 2138 utilitatum)
715 2094 850 2138 species
878 2093 1030 2127 dominii
1050 2093 1157 2134 utilis,
1179 2092 1407 2127 distinximus
1434 2101 1469 2127 et
1487 2093 1612 2138 primo·

173 2155 258 2190 loco
286 2155 485 2201 posuimus,
512 2164 607 2187 usum
634 2162 668 2187 et
696 2151 960 2197 usumfructum.

271 2216 321 2258 (2)
348 2213 566 2259 Exemplum
593 2213 785 2247 afferamus
803 2224 846 2246 ex
865 2220 1055 2246 contractu
1082 2213 1314 2258 emphyteusis.
1334 2212 1451 2247 Titius
1470 2212 1610 2258 praedii·

173 2274 342 2309 dominus
370 2274 459 2308 Caio
487 2273 529 2306 ad
557 2272 684 2306 decem
712 2282 830 2305 annos
857 2270 991 2317 praedii
1021 2270 1118 2305 illius
1145 2269 1412 2305 usumfructum
1438 2270 1611 2306 concedit

174 2345 215 2368 ea
242 2333 464 2375 conditione,
491 2342 528 2368 ut
566 2343 702 2367 certam
743 2332 937 2378 quotannis
977 2331 1193 2377 pensionem
1233 2330 1364 2365 solvat.
1393 2331 1475 2366 Hoc
1513 2329 1610 2365 inito

176 2403 377 2435 contractu,
403 2394 475 2427 iam
502 2401 629 2427 neuter
655 2391 852 2438 perfectum
882 2391 1015 2438 praedii
1045 2390 1141 2425 illius
1170 2390 1376 2424 dominium
1403 2389 1525 2434 habet,
1542 2389 1606 2425 sed

170 2463 322 2501 uterque
347 2454 458 2488 habet
496 2450 760 2498 imperfectum:
799 2452 936 2486 scilicet
976 2451 1096 2486 Titius
1130 2451 1239 2485 habet
1279 2449 1469 2495 directum,
1494 2450 1610 2486 Caius

173 2525 259 2548 vero
286 2513 522 2560 emphyteuta
548 2513 645 2548 utile.
673 2512 738 2546 Illa
764 2523 849 2546 vero
879 2511 1020 2557 pensio,
1039 2523 1101 2546 seu
1120 2512 1242 2557 potius
1269 2521 1379 2545 canon
1398 2508 1598 2546 solvendus

173 2574 327 2610 omnino
355 2582 409 2609 est
434 2575 470 2608 in
497 2574 724 2620 agnitionem
751 2572 905 2607 dominii
933 2572 1069 2608 directi.
