1737 2802
655 175 922 231 -185-

75 264 209 309 bilem
241 265 399 310 habens
431 268 575 312 visum
609 282 649 312 et
683 271 755 328 qui
788 286 913 329 saepe
961 271 1136 328 fallitur,
1172 274 1238 316 cui
1288 273 1503 318 videretur

80 337 242 397 aliquid
273 354 366 382 esse
399 339 572 394 animal,
597 353 637 384 et
671 340 883 385 diceretur
906 342 954 385 ab
989 343 1132 402 aliquo
1158 343 1336 388 habente
1359 347 1504 389 visum

77 410 515 468 perspicacissimum,
550 425 590 455 et
622 414 716 455 viro
748 412 952 467 veridico,
987 415 1060 472 qui
1105 430 1194 458 non
1239 427 1302 458 est
1351 416 1503 460 solitus

82 482 268 540 mentiri,
299 498 392 527 esse
425 483 637 541 arborem;
670 485 864 543 profecto
898 487 978 529 iste
1011 488 1156 544 potius
1191 487 1364 531 deberet
1409 505 1505 533 cre-

80 552 180 598 dere
214 553 384 612 dicenti,
418 571 547 613 quam
579 555 656 599 sibi
682 558 807 600 etiam
841 558 1016 603 videnti.
1044 560 1104 602 Ita
1135 559 1281 604 lumen
1305 574 1504 606 nost-rum

76 624 218 670 debile
250 639 331 680 est,
368 640 410 670 et
457 627 624 672 infinito
674 644 848 672 excessu
883 646 905 672 a
939 630 1085 675 divino
1130 647 1396 692 superatum3
1428 634 1505 678 fir-

78 699 265 754 miorem
299 716 404 758 ergo
437 716 659 744 assensum
693 718 743 745 ex
775 716 921 746 natura
955 720 1029 747 sua
1062 719 1209 749 natum
1245 719 1307 750 est
1340 708 1501 765 produ-

81 786 194 825 cere,
229 787 359 830 quam
394 774 501 816 ratio
537 789 833 832 quaecumque
866 787 906 817 et
940 774 1085 819 lumen
1120 777 1377 821 naturalia.»

197 847 270 901 46.
303 845 552 889 SCHOLION.
577 846 694 889 Haec
727 845 858 889 thesis
883 846 1040 904 duplici
1065 849 1343 905 potissimum
1368 850 1504 894 modo

79 933 102 960 a
133 916 407 961 rationalistis
441 918 742 975 impugnatur:
761 920 913 977 primo,
939 920 1158 976 arguendo
1193 936 1239 963 ex
1268 931 1385 980 parte
1411 938 1503 981 my-

71 991 203 1043 sterii,
237 1005 312 1033 seu
347 989 616 1033 ostendendo
644 991 846 1048 mysteria
870 993 1040 1048 proprie
1063 991 1173 1035 dicta
1196 992 1269 1051 (de
1292 993 1357 1036 his
1383 996 1503 1037 enim

78 1062 304 1120 praecipue
337 1075 400 1105 est
434 1063 651 1121 quaestio)
684 1078 772 1106 non
806 1062 917 1108 dari:
961 1065 1150 1119 secando,
1205 1066 1423 1123 arguendo
1457 1083 1505 1111 ex

71 1143 190 1194 parte
223 1137 369 1179 mentis
402 1145 580 1188 nostrae,
616 1151 691 1178 seu
727 1136 1064 1180 demonstrando
1100 1153 1197 1193 nos,
1243 1140 1371 1181 etiam
1405 1152 1504 1196 post

79 1223 231 1252 eorum
265 1207 571 1252 revelationem
616 1207 740 1251 nobis
774 1225 795 1251 a
828 1210 924 1252 Deo
969 1207 1136 1265 factam,
1180 1209 1284 1253 nihil
1328 1227 1504 1269 prorsus

75 1279 132 1325 de
165 1281 382 1338 mysteriis
432 1296 579 1339 capere
630 1296 766 1338 posse.
807 1306 863 1314 —-
896 1281 979 1325 Sed
1029 1272 1325 1326 difficultatum
1375 1282 1504 1327 huius

77 1351 252 1397 alterius
288 1352 431 1396 classis
465 1352 625 1396 solutio
660 1370 710 1396 ex
742 1354 808 1410 iis,
842 1342 949 1412 quae
974 1353 1100 1411 paulo
1126 1368 1220 1398 ante
1254 1356 1296 1398 in
1329 1355 1504 1400 theseos

24 1437 27 1439 ’
74 1425 447 1470 demonstratione
481 1424 684 1482 diximus,
719 1427 802 1468 iam
837 1427 935 1469 satis
987 1438 1099 1483 patet
1133 1426 1218 1485 (1).
1255 1428 1402 1480 Quare
1436 1444 1503 1471 eas

73 1497 382 1542 tantummodo
416 1497 731 1555 perpendemus
767 1497 1049 1552 (abiectiones,
1075 1514 1182 1557 quae
1204 1499 1424 1557 arguendo
1448 1516 1503 1545 ex

70 1581 192 1629 parte
224 1571 419 1628 mysterii
452 1569 590 1613 solent
623 1571 800 1627 opponi.

195 1644 227 1687 I.
261 1644 334 1701 Ea,
367 1658 474 1701 quae
507 1642 707 1686 dicuntur
739 1644 959 1701 mysteria,
992 1656 1091 1686 sunt
1126 1645 1337 1689 veritates.
1372 1647 1504 1705 Atqui

74 1719 274 1762 veritates
318 1729 500 1775 possunt
533 1732 555 1758 a
587 1715 709 1759 nobis
753 1717 972 1773 cognosci.
1022 1717 1137 1774 Ergo
1185 1734 1247 1775 ea,
1294 1734 1401 1776 quae
1434 1719 1503 1762 di-

72 1803 233 1834 cuntur
266 1789 484 1848 mysteria,
533 1801 714 1846 possunt
752 1802 773 1829 a
806 1787 928 1831 nobis
979 1790 1209 1846 cognosci:
1244 1806 1289 1833 ac
1322 1790 1504 1848 proinde

72 1879 302 1922 perperam
334 1874 540 1905 vocantur
573 1861 790 1918 mysteria.

197 1938 295 1981 Dist
326 1937 424 1979 mai.
459 1935 532 1990 Ea,
567 1950 674 1992 quae
709 1934 908 1978 dicuntur
931 1935 1150 1992 mysteria,
1173 1946 1272 1977 sunt
1304 1935 1504 1978 veritates

77 2007 303 2052 rationales
337 2022 448 2065 nego,
484 2005 839 2064 superrationales
884 2021 986 2050 conc.
1021 2031 1078 2039 —
1116 2006 1368 2051 Contradist.
1404 2008 1502 2050 min.

76 2081 293 2126 Veritates
328 2078 553 2122 rationales
588 2090 770 2136 possunt
802 2095 823 2120 a
855 2077 978 2120 nobis
1013 2079 1218 2135 cognosci
1251 2094 1372 2131 conc„
1396 2079 1504 2121 veri-

78 2165 186 2198 tates
218 2150 574 2210 superrationales
607 2150 736 2207 subd„
760 2162 942 2208 possunt
976 2166 996 2192 a
1021 2149 1144 2192 nobis
1175 2151 1393 2207 cognosci,
1417 2150 1443 2193 i.
1468 2165 1504 2194 e.

81 2222 257 2268 naturali
291 2236 464 2267 nostrae
498 2223 673 2266 rationis
707 2223 908 2264 exercitio
944 2221 1083 2278 detegi
1118 2237 1227 2279 nego,
1270 2234 1451 2279 possunt
1489 2236 1510 2264 a

71 2477 267 2501 numerum
286 2465 386 2499 hisce
405 2464 521 2498 verbis
539 2463 707 2498 absolvit:
739 2478 754 2492 «
774 2461 888 2497 Multa
909 2471 1062 2507 possunt
1082 2461 1210 2503 afferri,
1231 2463 1359 2509 quibus
1387 2471 1507 2497 osten-

73 2524 181 2560 datur
207 2524 299 2560 nihil
324 2524 477 2559 omnino
504 2522 686 2556 humanae
713 2521 894 2556 societatis
923 2520 1106 2555 incolume
1135 2532 1336 2563 remanere,
1364 2521 1392 2555 si
1422 2519 1508 2555 nihil

70 2583 222 2619 -credere
247 2584 488 2625 statuerimus,
516 2581 611 2629 quod
637 2592 713 2616 non
740 2591 932 2628 possumus
959 2590 1081 2615 tenere
1111 2589 1332 2626 perceptum.
1354 2592 1376 2614 >›

170 2644 225 2689 (ι)
245 2643 302 2680 Cf.
328 2642 523 2690 Taparelli,
551 2643 668 2687 saggio
696 2646 810 2675 teoret.
839 2641 922 2675 diss.
954 2652 981 2675 1.
1009 2651 1040 2675 c.
1070 2651 1102 2685 9.
1129 2652 1163 2674 n.
1192 2650 1271 2681 2⁸10.
