1737 2802
675 117 734 123 —
772 104 848 147 123
885 115 941 123 .-

95 186 261 246 servio)
303 199 369 230 est
414 185 681 244 superstitio,
728 200 810 242 qua
857 196 1070 228 creaturae
1117 184 1317 228 tribuitur
1350 172 1520 238 cultus,

88 258 316 317 tamquam
350 258 460 301 Deo.
494 257 624 300 Tunc
657 268 801 299 autem
825 269 888 299 est
918 256 1109 314 perfecta,
1133 255 1305 314 quando
1339 270 1518 299 concur-

91 341 194 373 runt
225 328 329 373 haec
359 329 450 372 tria:
479 330 523 372 in
555 328 770 385 intellectu,
803 328 952 384 opinio
987 327 1038 371 de
1062 327 1282 370 divinitate
1311 329 1386 380 rei,
1411 342 1519 385 quae

94 400 262 445 colitur:
295 403 336 444 in
370 401 593 454 voluntate,
627 399 859 443 submissio
889 400 947 443 rei
981 399 1054 456 illi,
1077 412 1297 458 tamquam
1333 400 1515 442 numini:

87 470 150 515 ad
179 481 313 527 extra,
347 471 553 516 exhibitio
587 471 699 528 signi
731 472 943 514 internam
977 471 1229 528 opinionem
1263 469 1519 513 submissio-

91 557 281 600 nemque
313 542 624 586 manifestantis
649 542 721 596 (1).
747 542 791 584 Si
816 541 919 599 quid
942 557 995 584 ex
1021 541 1085 584 his
1109 540 1243 584 tribus
1267 540 1390 597 desit,
1415 540 1517 584 ido-

92 612 255 657 lolatria
288 628 351 658 est
383 614 629 672 imperfecta.
663 613 782 656 Talis
816 612 1056 656 idololatria
1104 612 1212 656 foret
1246 614 1288 656 in
1338 628 1407 666 eo,
1443 613 1516 670 qui

92 701 179 729 non
215 702 265 730 ex
298 702 458 743 errore,
491 685 564 729 sed
598 702 648 728 ex
681 685 783 728 odio
817 686 858 728 in
894 686 1053 739 Deum,
1087 686 1153 728 vel
1196 702 1247 729 ex
1290 685 1518 744 cupiditate

90 755 250 814 aliquid
299 756 437 815 (puta,
471 757 669 800 notitiam
720 756 852 799 futuri
902 756 1102 814 eventus)
1136 773 1157 799 a
1190 756 1398 800 daemone
1446 769 1517 799 aut

91 826 170 870 alia
203 843 392 870 creatura
427 826 666 883 obtinendi,
701 828 779 884 ipsi
815 840 1032 885 tamquam
1069 828 1165 870 Deo
1200 827 1364 870 cultum
1399 827 1516 870 exhi-

90 897 220 942 beret:
256 900 358 942 item
392 900 435 942 in
469 915 536 956 eo,
570 900 641 956 qui
667 913 712 941 ut
736 899 921 942 aliorum
947 912 1249 957 contemptum
1271 899 1340 943 vel
1364 899 1518 957 probra

88 971 209 1025 vitet,
243 984 314 1014 aut
346 987 398 1014 ne
432 971 688 1028 dignitatem
721 971 789 1015 vel
822 972 953 1014 vitam
988 972 1168 1028 amittat,
1201 971 1364 1015 cultum
1398 971 1516 1015 idolo

89 1043 210 1100 quasi
245 1043 338 1086 Deo
373 1041 568 1086 deferret.
603 1043 700 1086 Hoc
750 1056 971 1100 postremo
1023 1044 1064 1085 in
1123 1059 1219 1086 casu
1267 1042 1515 1100 exemplum

90 1114 217 1158 habes
252 1114 518 1158 idololatriae
552 1114 664 1157 illius
689 1115 976 1173 imperfectae,
1003 1133 1112 1175 quae
1136 1117 1314 1174 proprio
1338 1116 1516 1159 nomine

88 1200 266 1230 vocatur
297 1187 494 1230 simulata
526 1203 599 1231 seu
644 1201 817 1230 externa
851 1200 1033 1232 tanturn.
1067 1190 1134 1232 De
1167 1188 1244 1232 hac
1278 1186 1516 1231 idololatria

89 1258 288 1303 simulata
321 1259 423 1302 haec
456 1258 581 1302 habet
613 1275 644 1302 S.
672 1259 876 1303 Thomas
900 1260 985 1316 (2):
1029 1278 1048 1301 «
1082 1260 1197 1304 Cum
1221 1260 1405 1302 exterior
1428 1257 1514 1301 cul-

86 1342 157 1374 tus
189 1331 246 1374 sit
277 1332 452 1388 signum
496 1331 712 1373 interioris
764 1331 917 1388 cultus;
951 1332 1061 1374 sicut
1108 1343 1172 1374 est
1221 1330 1514 1389 perniciosum

88 1402 380 1458 mendacium,
415 1403 448 1445 si
483 1403 578 1460 quis
612 1401 751 1446 verbis
787 1415 945 1446 asserat
971 1404 1234 1446 contrarium
1267 1403 1374 1458 eius,
1397 1400 1515 1459 quod

87 1489 163 1531 per
194 1481 340 1518 veram
371 1473 501 1518 fidem
535 1486 650 1518 tenet
683 1476 724 1517 in
757 1474 901 1527 corde,
935 1476 993 1517 ita
1026 1476 1152 1518 etiam
1177 1487 1242 1518 est
1275 1474 1514 1532 perniciosa

86 1544 258 1602 falsitas,
290 1547 323 1589 si
357 1547 453 1605 quis
487 1547 752 1590 exteriorem
786 1546 950 1589 cultum
984 1546 1182 1589 exhibeat
1215 1545 1338 1589 alicui
1367 1557 1515 1588 contra

85 1618 148 1672 id,
181 1618 300 1676 quod
333 1619 462 1662 sentit
480 1619 521 1662 in
547 1632 705 1662 mente.
724 1635 744 1658 »
776 1618 891 1661 Hinc
916 1634 949 1662 s.
974 1618 1244 1675 Augustinus
1268 1615 1340 1675 (3)
1363 1617 1514 1659 acriter

85 1690 318 1734 insectatur
350 1691 583 1747 Senecam„
605 1691 679 1748 qui
722 1689 853 1742 idola,
888 1705 1077 1748 quorum
1125 1689 1288 1732 cultum
1341 1688 1514 1745 vitupe-

86 1761 201 1806 rabat
233 1762 309 1818 (⁶4),
344 1761 520 1805 colebat:
561 1762 697 1817 «Iste,
719 1777 850 1819 quem
876 1760 1152 1819 philosophia
1176 1760 1296 1818 quasi
1330 1758 1513 1802 liberum

178 1962 233 2009 (ι)
263 1977 280 1994 u
298 1963 395 1998 Haec
420 1962 488 1998 tria
515 1962 648 1998 debent
669 1963 704 1997 in
725 1962 932 1997 idololatria
952 1973 1166 1997 concurrere
1191 1963 1284 1997 circa
1303 1961 1454 2004 idolum,
1474 1969 1512 1995 ut
1566 1984 1574 1988 -

83 2021 240 2056 omuino
266 2033 349 2057 vera
374 2031 408 2057 et
435 2031 693 2057 con<ummata
713 2023 758 2057 sit
777 2022 813 2056 in
832 2032 898 2056 suo
919 2033 1067 2068 genere,
1089 2021 1375 2068 scilicet-opinio
1397 2019 1514 2067 aliqua

83 2079 280 2115 divinitatis
306 2080 350 2115 de
377 2080 481 2116 Idolo
508 2091 572 2115 seu
599 2092 648 2123 re,
675 2091 765 2128 quae
793 2080 963 2116 adoratur
990 2101 1008 2107 -
1037 2080 1188 2116 affectus
1222 2080 1450 2116 adorationis
1491 2099 1510 2106 -

83 2139 248 2175 adoratio
274 2141 361 2187 ipsa,
386 2152 448 2176 seu
473 2140 650 2176 exhibitio
675 2140 771 2187 signi
797 2141 1051 2176 submissionis
1079 2150 1113 2176 et
1140 2141 1402 2188 recognitionis
1441 2139 1511 2175 ali-

81 2199 182 2235 cuius
206 2200 441 2235 excellentiae
466 2199 609 2235 divinae
637 2201 672 2234 in
699 2211 737 2235 re
764 2212 854 2247 quae
871 2200 1050 2245 adoratur.
1070 2215 1087 2231 »
1116 2200 1168 2235 Ita
1194 2200 1336 2243 Suarez,
1354 2199 1397 2234 de
1414 2200 1513 2249 vitiis

83 2259 182 2306 relig.
209 2260 388 2305 oppositis
414 2259 440 2294 l.
469 2259 513 2295 11.
541 2271 570 2295 c.
601 2269 629 2303 3.
657 2271 757 2296 num.
784 2270 816 2305 7.

176 2324 233 2371 (2)
259 2325 298 2359 In
326 2335 359 2360 2.
386 2334 418 2359 2.
445 2337 478 2372 q.
504 2334 563 2370 94.
589 2336 619 2361 a.
647 2335 680 2360 2.

177 2385 230 2429 (3)
256 2383 312 2419 De
338 2384 419 2420 Civ.
447 2384 515 2420 Dei
543 2384 564 2420 l.
592 2385 672 2421 VII.
698 2396 732 2420 c.
767 2395 822 2420 10.

176 2443 230 2489 (4)
257 2444 424 2479 Pluribus
449 2443 539 2479 locis
564 2444 702 2480 Seneca
730 2446 905 2491 reprobat
925 2454 959 2481 et
977 2445 1099 2481 irridet
1116 2444 1376 2489 idololatriam,
1394 2455 1431 2480 ut
1450 2445 1510 2480 ubi

83 2503 143 2538 ait:
171 2502 367 2538 «Numina
393 2514 539 2548 vocant,
566 2517 658 2552 quae
683 2506 713 2540 si
751 2506 877 2551 spiritu
916 2515 1068 2553 accepto
1106 2506 1225 2541 subito
1263 2514 1508 2549 occurrerent,

82 2572 244 2600 monstra
270 2563 498 2600 haberentur.
518 2579 536 2595 ι
