1737 2802
130 186 373 244 existentia,
395 202 441 230 ac
475 187 680 241 praemiis
704 203 787 246 poe
801 189 954 247 nisque
986 189 1028 231 in
1051 205 1097 233 ea
1131 188 1373 234 obtinendis
1397 208 1419 235 a
1441 191 1566 236 bonis

131 271 178 303 et
210 257 262 302 ab
290 259 435 317 impiis
468 258 656 312 luendis,
692 259 743 304 de
782 260 876 318 lege
908 259 1102 315 naturali,
1136 261 1274 320 deque
1307 263 1566 307 naturalibus

136 332 326 375 hominis
360 347 458 389 erga
509 333 673 384 Deum,
710 348 816 390 erga
865 333 1113 391 proximum
1147 346 1188 377 et
1220 349 1321 392 erga
1368 337 1561 393 seipsum

138 402 306 448 officiis.
339 404 405 447 De
439 403 692 448 huiusmodi
726 404 978 448 veritatibus
1017 406 1172 464 agitur,
1203 420 1289 449 non
1324 419 1466 450 autem
1514 407 1566 452 de

70 478 72 480 ’
133 476 385 521 veritatibus
417 478 829 536 superrationalibas.
857 479 1025 522 Harum
1058 479 1462 536 superrationalium
1495 481 1567 523 ve-

134 550 314 593 ritatum
348 565 422 592 seu
457 550 765 608 mysteriorum
800 550 1000 594 revelatio
1033 563 1096 594 est
1127 550 1297 594 homini
1330 553 1564 595 necessaria

137 622 394 681 hypothetice,
429 623 508 667 i.e.
534 621 638 666 facta
672 623 974 681 suppositione
1008 622 1256 666 elevationis
1290 622 1467 667 humani
1491 639 1564 682 ge-

136 695 252 738 neris
276 693 326 738 ad
361 694 559 738 ordinem
593 694 810 753 finemque
844 695 1226 753 supernaturalem:
1254 711 1360 754 quae
1383 695 1562 740 elevatio

136 781 229 809 non
257 778 319 809 est
342 766 509 817 homin-i
535 766 688 825 debita,
713 766 802 821 sed,
828 768 862 810 si
896 784 916 810 a
941 769 1036 811 Deo
1060 766 1147 825 fiat,
1180 784 1349 811 merum
1384 780 1447 812 est
1481 768 1562 812 Dei

134 838 304 882 donum
339 854 383 882 ac
417 840 603 882 maxime
636 841 873 897 gratuitum
908 840 1046 898 Ipsius
1082 839 1337 884 beneficium
1371 841 1455 900 (1).

118 967 129 969 -
257 909 307 969 7)
341 911 423 953 Eae
456 912 583 953 etiam
635 910 852 954 adduntur
895 928 1038 969 voces,
1071 913 1112 955 in
1141 914 1347 970 praesenti
1391 913 1566 955 humani

129 983 288 1038 generis
320 982 554 1027 conditione.
578 1008 634 1016 —
658 982 826 1027 Scilicet
862 985 1035 1027 moralis
1061 984 1162 1028 haec
1186 985 1415 1028 necessitas
1439 999 1564 1027 reve-

134 1054 306 1098 lationis
340 1053 590 1112 affirmatur,
615 1070 701 1099 non
727 1054 904 1114 quidem
929 1056 1180 1114 simpliciter,
1202 1056 1277 1100 sed
1301 1056 1419 1114 facta
1443 1056 1564 1114 hypo-

132 1126 235 1170 thesi
266 1125 428 1169 ordinis
462 1127 695 1184 praesentis
731 1127 1055 1171 Providentiae.
1091 1129 1190 1172 Non
1225 1129 1339 1171 enim
1373 1141 1569 1185 negatur,

137 1199 281 1242 Deum
331 1201 523 1256 potuisse
572 1198 782 1242 humanae
843 1215 1093 1243 succurrere
1142 1198 1377 1243 infirmitati
1429 1201 1564 1255 aliter,

133 1285 266 1328 quam
301 1286 374 1328 per
407 1270 490 1313 hoc
522 1270 628 1314 adeo
664 1270 879 1314 excellens
914 1271 1102 1314 caelestis
1136 1273 1370 1329 magisterii
1404 1288 1477 1316 seu
1501 1289 1566 1316 re-

132 1342 362 1386 velationis
395 1342 617 1400 auxilium,
649 1343 784 1397 aliter,
821 1359 951 1402 quam
986 1359 1059 1401 per
1091 1343 1174 1387 hoc
1206 1343 1326 1402 quod
1363 1345 1460 1402 Ipse
1492 1343 1563 1387 fiat

133 1416 308 1473 generis
342 1415 518 1458 humani
552 1416 773 1459 institutor
806 1432 852 1459 ac
876 1416 1007 1459 veluti
1033 1416 1322 1474 paedagogus.
1346 1417 1565 1461 Potuisset

139 1503 239 1531 sane
273 1488 393 1531 Deus
429 1487 507 1531 alia
540 1488 766 1546 providere
800 1488 1055 1532 hominibus
1094 1505 1140 1532 ac
1173 1489 1443 1548 suppeditare
1485 1506 1564 1534 au-

134 1559 237 1603 xilia
268 1559 502 1613 natm-alia,
538 1576 613 1618 per
646 1576 768 1618 quae,
803 1559 1032 1604 obstaculis
1056 1560 1467 1620 impedimentisque
1499 1577 1565 1605 se·-

140 1633 288 1684 motis‚
324 1629 486 1674 facilior
519 1632 623 1689 ipsis
658 1631 910 1675 redderetur
942 1632 1168 1690 applicatio
1201 1634 1417 1690 potentiae
1449 1632 1565 1692 phy-

135 1704 248 1747 sicae
281 1702 332 1746 ad
375 1715 535 1756 actum,
572 1704 598 1748 i.
634 1719 668 1746 e.
704 1703 756 1747 ad
806 1704 1148 1761 inquisitionem,
1182 1704 1476 1748 inventionem
1524 1718 1566 1749 et

135 1777 511 1819 conservationem
547 1775 825 1819 rationalium
861 1774 913 1819 de
947 1775 1098 1818 divinis
1148 1775 1272 1819 rebus
1319 1777 1564 1821 veritatum.

140 1848 267 1901 Quae
301 1848 336 1891 si
369 1847 422 1890 ob
458 1846 610 1891 oculos
653 1846 905 1904 habeantur,
936 1847 1040 1890 illud
1090 1846 1262 1906 patebit,
1295 1864 1402 1902 eam,
1436 1864 1564 1906 quam

133 1919 416 1976 adstruimus,
450 1919 647 1962 moralem
679 1921 957 1962 necessitatem
990 1934 1078 1962 non
1113 1934 1302 1977 pugnare
1335 1935 1434 1962 cum
1457 1918 1566 1963 libe-

135 1989 211 2034 rali
246 2006 292 2034 ac
314 1988 515 2047 benefica,
539 2005 647 2048 quae
672 1988 856 2033 tenenda
883 2004 982 2033 sane
1008 2002 1084 2045 est,
1108 1989 1274 2033 divinae
1297 1989 1566 2033 revelationis

130 2063 368 2120 gratuitate.
403 2062 486 2106 Sed
510 2062 560 2106 de
585 2061 649 2105 his
674 2061 812 2105 fusius
847 2077 988 2119 agere,
1013 2061 1063 2105 ad
1089 2061 1363 2119 TheologOS,
1387 2074 1433 2105 ut
1462 2061 1568 2120 dixi,

136 2147 336 2194 pertinet.

230 2399 284 2443 (1)
313 2399 387 2434 Hac
414 2398 457 2434 de
495 2410 532 2434 re
559 2399 603 2434 cf.
631 2399 831 2442 Franzelin,
861 2398 904 2434 de
945 2398 1028 2434 hab.
1071 2407 1135 2434 rat.
1164 2398 1264 2434 hum.
1290 2399 1333 2434 ad
1361 2398 1430 2434 div.
1457 2397 1566 2434 fidem

131 2469 214 2505 cap.
230 2458 291 2493 111.
311 2470 410 2493 num.
429 2458 490 2493 111.
511 2479 560 2485 —
575 2458 670 2494 Vide
698 2460 807 2494 etiam
839 2470 962 2505 super.
989 2458 1062 2493 vol.
1089 2459 1115 2493 Ι.
1134 2458 1224 2494 thes.
1244 2458 1392 2493 XLVII.
1418 2471 1452 2506 p.
1481 2466 1544 2504 374
1560 2488 1567 2501 ,

132 2518 195 2553 ubi
221 2529 263 2553 ex
289 2529 316 2553 s,
343 2517 489 2554 Thoma
528 2517 650 2553 locum
689 2516 892 2559 attulimus,
919 2517 979 2564 qui
1017 2526 1071 2553 est
1097 2517 1251 2553 omnino
1278 2516 1322 2552 ad
1348 2529 1438 2561 rem,
1463 2528 1507 2552 ex
1538 2528 1566 2554 1.

135 2587 158 2612 2
198 2589 230 2625 q.
255 2588 312 2624 91.
338 2590 369 2613 a.
395 2588 430 2621 4.
461 2576 516 2614 Cf.
543 2589 687 2626 quoque
713 2577 756 2612 de
783 2577 884 2613 verit.
911 2590 947 2625 q.
979 2588 1032 2622 14.
1058 2589 1090 2614 a.
1117 2588 1149 2614 2.
1177 2586 1211 2614 et
1237 2589 1268 2614 a.
1300 2587 1351 2613 10.
