<?xml version="1.0" encoding="UTF-8"?>
<!DOCTYPE html PUBLIC "-//W3C//DTD XHTML 1.0 Transitional//EN"
    "http://www.w3.org/TR/xhtml1/DTD/xhtml1-transitional.dtd">
<html xmlns="http://www.w3.org/1999/xhtml" xml:lang="en" lang="en">
 <head>
  <title>
</title>
<meta http-equiv="Content-Type" content="text/html;charset=utf-8" />
  <meta name='ocr-system' content='tesseract 3.04.00' />
  <meta name='ocr-capabilities' content='ocr_page ocr_carea ocr_par ocr_line ocrx_word'/>
</head>
<body>
  <div class='ocr_page' id='page_1' title='image "./institutionesphi02ferr_0153.png"; bbox 0 0 1737 2802; ppageno 0'>
   <div class='ocr_carea' id='block_1_1' title="bbox 614 143 879 186">
    <p class='ocr_par' dir='ltr' id='par_1_1' title="bbox 614 143 879 186">
     <span class='ocr_line' id='line_1_1' title="bbox 614 143 879 186; baseline -0.004 -22"><span class='ocrx_word' id='word_1_1' title='bbox 614 143 879 186; x_wconf 75' lang='lat'>-147-</span> 
     </span>
    </p>
   </div>
   <div class='ocr_carea' id='block_1_2' title="bbox 32 224 1471 1858">
    <p class='ocr_par' dir='ltr' id='par_1_2' title="bbox 32 224 1464 1127">
     <span class='ocr_line' id='line_1_2' title="bbox 32 224 1457 283; baseline -0.002 -12"><span class='ocrx_word' id='word_1_2' title='bbox 32 225 84 271; x_wconf 85' lang='lat' dir='ltr'>ab</span> <span class='ocrx_word' id='word_1_3' title='bbox 115 227 298 271; x_wconf 90' lang='lat' dir='ltr'>aliorum</span> <span class='ocrx_word' id='word_1_4' title='bbox 322 225 535 270; x_wconf 88' lang='lat' dir='ltr'>mentibus</span> <span class='ocrx_word' id='word_1_5' title='bbox 572 225 752 269; x_wconf 89' lang='lat' dir='ltr'>dubium</span> <span class='ocrx_word' id='word_1_6' title='bbox 787 224 838 269; x_wconf 90' lang='lat' dir='ltr'>de</span> <span class='ocrx_word' id='word_1_7' title='bbox 871 225 1044 283; x_wconf 80' lang='lat' dir='ltr'>propria</span> <span class='ocrx_word' id='word_1_8' title='bbox 1066 225 1294 268; x_wconf 84' lang='lat' dir='ltr'>veracitate</span> <span class='ocrx_word' id='word_1_9' title='bbox 1317 225 1457 283; x_wconf 86' lang='lat' dir='ltr'>expel-</span> 
     </span>
     <span class='ocr_line' id='line_1_3' title="bbox 35 295 1460 355; baseline -0.001 -13"><span class='ocrx_word' id='word_1_10' title='bbox 35 298 136 352; x_wconf 76' lang='lat' dir='ltr'>lere,</span> <span class='ocrx_word' id='word_1_11' title='bbox 171 314 260 352; x_wconf 88' lang='lat' dir='ltr'>seu,</span> <span class='ocrx_word' id='word_1_12' title='bbox 294 310 340 340; x_wconf 91' lang='lat' dir='ltr'>ut</span> <span class='ocrx_word' id='word_1_13' title='bbox 374 298 454 341; x_wconf 89' lang='lat' dir='ltr'>dici</span> <span class='ocrx_word' id='word_1_14' title='bbox 488 297 613 355; x_wconf 84' lang='lat' dir='ltr'>solet,</span> <span class='ocrx_word' id='word_1_15' title='bbox 646 296 752 340; x_wconf 82' lang='lat' dir='ltr'>alios</span> <span class='ocrx_word' id='word_1_16' title='bbox 788 295 1028 340; x_wconf 81' lang='lat' dir='ltr'>certificare.</span> <span class='ocrx_word' id='word_1_17' title='bbox 1063 295 1174 339; x_wconf 81' lang='lat' dir='ltr'>Illud</span> <span class='ocrx_word' id='word_1_18' title='bbox 1208 298 1348 354; x_wconf 82' lang='lat' dir='ltr'>itaque</span> <span class='ocrx_word' id='word_1_19' title='bbox 1395 309 1460 340; x_wconf 91' lang='lat' dir='ltr'>est</span> 
     </span>
     <span class='ocr_line' id='line_1_4' title="bbox 34 368 1459 428; baseline 0 -16"><span class='ocrx_word' id='word_1_20' title='bbox 34 369 358 428; x_wconf 87' lang='lat' dir='ltr'>inquirendum,</span> <span class='ocrx_word' id='word_1_21' title='bbox 393 381 542 412; x_wconf 87' lang='lat' dir='ltr'>utrum</span> <span class='ocrx_word' id='word_1_22' title='bbox 576 368 644 412; x_wconf 90' lang='lat' dir='ltr'>hic</span> <span class='ocrx_word' id='word_1_23' title='bbox 683 369 734 412; x_wconf 81' lang='lat' dir='ltr'>ad</span> <span class='ocrx_word' id='word_1_24' title='bbox 782 369 863 412; x_wconf 87' lang='lat' dir='ltr'>Dei</span> <span class='ocrx_word' id='word_1_25' title='bbox 912 368 1214 412; x_wconf 84' lang='lat' dir='ltr'>testimonium</span> <span class='ocrx_word' id='word_1_26' title='bbox 1262 384 1459 412; x_wconf 88' lang='lat' dir='ltr'>recursus</span> 
     </span>
     <span class='ocr_line' id='line_1_5' title="bbox 38 439 1459 498; baseline 0.001 -14"><span class='ocrx_word' id='word_1_27' title='bbox 38 442 92 485; x_wconf 90' lang='lat' dir='ltr'>sit</span> <span class='ocrx_word' id='word_1_28' title='bbox 122 440 260 484; x_wconf 91' lang='lat' dir='ltr'>licitus</span> <span class='ocrx_word' id='word_1_29' title='bbox 294 456 439 485; x_wconf 88' lang='lat' dir='ltr'>necne.</span> <span class='ocrx_word' id='word_1_30' title='bbox 473 441 628 498; x_wconf 83' lang='lat' dir='ltr'>Neque</span> <span class='ocrx_word' id='word_1_31' title='bbox 663 440 780 484; x_wconf 88' lang='lat' dir='ltr'>deest</span> <span class='ocrx_word' id='word_1_32' title='bbox 815 441 921 484; x_wconf 81' lang='lat' dir='ltr'>ratio</span> <span class='ocrx_word' id='word_1_33' title='bbox 954 439 1031 483; x_wconf 80' lang='lat' dir='ltr'>hac</span> <span class='ocrx_word' id='word_1_34' title='bbox 1065 440 1116 483; x_wconf 88' lang='lat' dir='ltr'>de</span> <span class='ocrx_word' id='word_1_35' title='bbox 1150 457 1193 484; x_wconf 88' lang='lat' dir='ltr'>re</span> <span class='ocrx_word' id='word_1_36' title='bbox 1226 439 1459 486; x_wconf 83' lang='lat' dir='ltr'>dubitandi.</span> 
     </span>
     <span class='ocr_line' id='line_1_6' title="bbox 37 513 1463 571; baseline 0.001 -15"><span class='ocrx_word' id='word_1_37' title='bbox 37 513 181 557; x_wconf 79' lang='lat' dir='ltr'>Notae</span> <span class='ocrx_word' id='word_1_38' title='bbox 229 514 344 556; x_wconf 86' lang='lat' dir='ltr'>enim</span> <span class='ocrx_word' id='word_1_39' title='bbox 393 525 492 556; x_wconf 88' lang='lat' dir='ltr'>sunt</span> <span class='ocrx_word' id='word_1_40' title='bbox 541 514 738 570; x_wconf 85' lang='lat' dir='ltr'>gravium</span> <span class='ocrx_word' id='word_1_41' title='bbox 790 524 1017 556; x_wconf 84' lang='lat' dir='ltr'>auctorum</span> <span class='ocrx_word' id='word_1_42' title='bbox 1065 515 1313 570; x_wconf 72' lang='lat' dir='ltr'>sententiae,</span> <span class='ocrx_word' id='word_1_43' title='bbox 1356 529 1463 571; x_wconf 86' lang='lat' dir='ltr'>quae</span> 
     </span>
     <span class='ocr_line' id='line_1_7' title="bbox 37 584 1462 642; baseline 0.001 -16"><span class='ocrx_word' id='word_1_44' title='bbox 37 584 318 642; x_wconf 84' lang='lat' dir='ltr'>praecipiunt,</span> <span class='ocrx_word' id='word_1_45' title='bbox 352 597 398 626; x_wconf 89' lang='lat' dir='ltr'>ut</span> <span class='ocrx_word' id='word_1_46' title='bbox 433 588 610 642; x_wconf 78' lang='lat' dir='ltr'>prorsus</span> <span class='ocrx_word' id='word_1_47' title='bbox 645 601 666 627; x_wconf 80' lang='lat' dir='ltr'>a</span> <span class='ocrx_word' id='word_1_48' title='bbox 701 584 945 627; x_wconf 77' lang='lat' dir='ltr'>iuramento</span> <span class='ocrx_word' id='word_1_49' title='bbox 979 584 1175 641; x_wconf 82' lang='lat' dir='ltr'>quamvis</span> <span class='ocrx_word' id='word_1_50' title='bbox 1223 585 1337 628; x_wconf 90' lang='lat' dir='ltr'>iusto</span> <span class='ocrx_word' id='word_1_51' title='bbox 1385 584 1462 628; x_wconf 84' lang='lat' dir='ltr'>ab-</span> 
     </span>
     <span class='ocr_line' id='line_1_8' title="bbox 39 650 1461 717; baseline 0 -18"><span class='ocrx_word' id='word_1_52' title='bbox 39 656 290 699; x_wconf 85' lang='lat' dir='ltr'>stineamus.</span> <span class='ocrx_word' id='word_1_53' title='bbox 316 654 479 717; x_wconf 76' lang='grc' dir='ltr'>Ὅρκον</span> <span class='ocrx_word' id='word_1_54' title='bbox 525 651 567 699; x_wconf 79' lang='grc' dir='ltr'>δὲ</span> <span class='ocrx_word' id='word_1_55' title='bbox 614 660 751 714; x_wconf 67' lang='grc' dir='ltr'><em>φεῦγε,</em></span> <span class='ocrx_word' id='word_1_56' title='bbox 786 656 844 698; x_wconf 89' lang='lat' dir='ltr'>ita</span> <span class='ocrx_word' id='word_1_57' title='bbox 875 655 1131 709; x_wconf 81' lang='lat' dir='ltr'>Menander,</span> <span class='ocrx_word' id='word_1_58' title='bbox 1163 653 1247 716; x_wconf 71' lang='grc' dir='ltr'>κᾷν</span> <span class='ocrx_word' id='word_1_59' title='bbox 1281 650 1461 708; x_wconf 70' lang='grc' dir='ltr'><em>δικαίως</em></span> 
     </span>
     <span class='ocr_line' id='line_1_9' title="bbox 40 725 1462 787; baseline 0.003 -17"><span class='ocrx_word' id='word_1_60' title='bbox 40 725 222 787; x_wconf 80' lang='grc' dir='ltr'>ὀμνύῃς.</span> <span class='ocrx_word' id='word_1_61' title='bbox 246 728 543 770; x_wconf 83' lang='lat' dir='ltr'>Iuramentum</span> <span class='ocrx_word' id='word_1_62' title='bbox 567 740 710 770; x_wconf 78' lang='lat' dir='ltr'>autem</span> <span class='ocrx_word' id='word_1_63' title='bbox 736 726 891 784; x_wconf 77' lang='lat' dir='ltr'>fugias,</span> <span class='ocrx_word' id='word_1_64' title='bbox 914 728 991 770; x_wconf 88' lang='lat' dir='ltr'>etsi</span> <span class='ocrx_word' id='word_1_65' title='bbox 1017 728 1124 770; x_wconf 86' lang='lat' dir='ltr'>iuste</span> <span class='ocrx_word' id='word_1_66' title='bbox 1148 729 1285 772; x_wconf 82' lang='lat' dir='ltr'>iurare</span> <span class='ocrx_word' id='word_1_67' title='bbox 1309 729 1462 785; x_wconf 83' lang='lat' dir='ltr'>possis.</span> 
     </span>
     <span class='ocr_line' id='line_1_10' title="bbox 38 797 1460 857; baseline 0.002 -16"><span class='ocrx_word' id='word_1_68' title='bbox 38 797 111 841; x_wconf 93' lang='lat' dir='ltr'>Nil</span> <span class='ocrx_word' id='word_1_69' title='bbox 142 814 273 856; x_wconf 88' lang='lat' dir='ltr'>porro</span> <span class='ocrx_word' id='word_1_70' title='bbox 309 798 446 842; x_wconf 83' lang='lat' dir='ltr'>dicam</span> <span class='ocrx_word' id='word_1_71' title='bbox 482 798 532 841; x_wconf 90' lang='lat' dir='ltr'>de</span> <span class='ocrx_word' id='word_1_72' title='bbox 565 799 690 841; x_wconf 71' lang='lat' dir='ltr'>variis</span> <span class='ocrx_word' id='word_1_73' title='bbox 727 814 758 842; x_wconf 88' lang='lat' dir='ltr'>s.</span> <span class='ocrx_word' id='word_1_74' title='bbox 795 799 1040 855; x_wconf 83' lang='lat' dir='ltr'>Scripturae</span> <span class='ocrx_word' id='word_1_75' title='bbox 1075 798 1194 853; x_wconf 89' lang='lat' dir='ltr'>locis,</span> <span class='ocrx_word' id='word_1_76' title='bbox 1228 800 1271 842; x_wconf 91' lang='lat' dir='ltr'>in</span> <span class='ocrx_word' id='word_1_77' title='bbox 1305 800 1460 857; x_wconf 89' lang='lat' dir='ltr'>quibus</span> 
     </span>
     <span class='ocr_line' id='line_1_11' title="bbox 39 870 1464 927; baseline 0.003 -16"><span class='ocrx_word' id='word_1_78' title='bbox 39 870 312 927; x_wconf 74' lang='lat' dir='ltr'>praecipitur,</span> <span class='ocrx_word' id='word_1_79' title='bbox 346 884 398 911; x_wconf 88' lang='lat' dir='ltr'>ne</span> <span class='ocrx_word' id='word_1_80' title='bbox 432 870 622 912; x_wconf 89' lang='lat' dir='ltr'>iuremus</span> <span class='ocrx_word' id='word_1_81' title='bbox 657 870 854 913; x_wconf 88' lang='lat' dir='ltr'>omnino.</span> <span class='ocrx_word' id='word_1_82' title='bbox 888 895 944 903; x_wconf 81' lang='lat'>—</span> <span class='ocrx_word' id='word_1_83' title='bbox 977 871 1036 913; x_wconf 89' lang='lat' dir='ltr'>Ut</span> <span class='ocrx_word' id='word_1_84' title='bbox 1080 883 1223 914; x_wconf 75' lang='lat' dir='ltr'>autem</span> <span class='ocrx_word' id='word_1_85' title='bbox 1273 870 1380 914; x_wconf 80' lang='lat' dir='ltr'>clare</span> <span class='ocrx_word' id='word_1_86' title='bbox 1417 887 1464 915; x_wconf 85' lang='lat' dir='ltr'>ac</span> 
     </span>
     <span class='ocr_line' id='line_1_12' title="bbox 39 939 1464 999; baseline 0.002 -16"><span class='ocrx_word' id='word_1_87' title='bbox 39 952 151 984; x_wconf 90' lang='lat' dir='ltr'>recte</span> <span class='ocrx_word' id='word_1_88' title='bbox 185 939 400 984; x_wconf 88' lang='lat' dir='ltr'>difficilem</span> <span class='ocrx_word' id='word_1_89' title='bbox 435 941 541 983; x_wconf 85' lang='lat' dir='ltr'>hanc</span> <span class='ocrx_word' id='word_1_90' title='bbox 574 940 792 984; x_wconf 76' lang='lat' dir='ltr'>solvamus</span> <span class='ocrx_word' id='word_1_91' title='bbox 836 943 1148 999; x_wconf 73' lang='lat' dir='ltr'>quaestionem,</span> <span class='ocrx_word' id='word_1_92' title='bbox 1183 958 1356 986; x_wconf 85' lang='lat' dir='ltr'>necesse</span> <span class='ocrx_word' id='word_1_93' title='bbox 1400 955 1464 986; x_wconf 88' lang='lat' dir='ltr'>est</span> 
     </span>
     <span class='ocr_line' id='line_1_13' title="bbox 39 1011 1463 1071; baseline 0.002 -17"><span class='ocrx_word' id='word_1_94' title='bbox 39 1011 312 1069; x_wconf 80' lang='lat' dir='ltr'>definitionem</span> <span class='ocrx_word' id='word_1_95' title='bbox 346 1012 572 1054; x_wconf 75' lang='lat' dir='ltr'>iuramenti</span> <span class='ocrx_word' id='word_1_96' title='bbox 609 1014 786 1070; x_wconf 88' lang='lat' dir='ltr'>eiusque</span> <span class='ocrx_word' id='word_1_97' title='bbox 835 1012 1049 1055; x_wconf 77' lang='lat' dir='ltr'><em>divisiones</em></span> <span class='ocrx_word' id='word_1_98' title='bbox 1097 1026 1287 1056; x_wconf 76' lang='lat' dir='ltr'>accurate</span> <span class='ocrx_word' id='word_1_99' title='bbox 1336 1030 1463 1071; x_wconf 82' lang='lat' dir='ltr'>prae-</span> 
     </span>
     <span class='ocr_line' id='line_1_14' title="bbox 42 1082 238 1127; baseline 0 0"><span class='ocrx_word' id='word_1_100' title='bbox 42 1082 238 1127; x_wconf 88' lang='lat' dir='ltr'>stabilire.</span> 
     </span>
    </p>

    <p class='ocr_par' dir='ltr' id='par_1_3' title="bbox 41 1154 1471 1858">
     <span class='ocr_line' id='line_1_15' title="bbox 159 1154 1461 1213; baseline 0.002 -16"><span class='ocrx_word' id='word_1_101' title='bbox 159 1155 193 1198; x_wconf 94' lang='lat' dir='ltr'>I.</span> <span class='ocrx_word' id='word_1_102' title='bbox 224 1154 526 1198; x_wconf 81' lang='lat' dir='ltr'>Iusiurandum</span> <span class='ocrx_word' id='word_1_103' title='bbox 550 1155 617 1213; x_wconf 86' lang='lat'>(1)</span> <span class='ocrx_word' id='word_1_104' title='bbox 640 1167 704 1198; x_wconf 87' lang='lat' dir='ltr'>est</span> <span class='ocrx_word' id='word_1_105' title='bbox 725 1155 940 1198; x_wconf 83' lang='lat' dir='ltr'>invocatio</span> <span class='ocrx_word' id='word_1_106' title='bbox 974 1156 1055 1199; x_wconf 89' lang='lat' dir='ltr'>Dei</span> <span class='ocrx_word' id='word_1_107' title='bbox 1089 1157 1131 1199; x_wconf 87' lang='lat' dir='ltr'>in</span> <span class='ocrx_word' id='word_1_108' title='bbox 1165 1157 1461 1200; x_wconf 87' lang='lat' dir='ltr'>testimonium</span> 
     </span>
     <span class='ocr_line' id='line_1_16' title="bbox 42 1225 1466 1284; baseline 0.003 -16"><span class='ocrx_word' id='word_1_109' title='bbox 42 1226 107 1270; x_wconf 91' lang='lat' dir='ltr'>vel</span> <span class='ocrx_word' id='word_1_110' title='bbox 140 1225 191 1270; x_wconf 84' lang='lat' dir='ltr'>ad</span> <span class='ocrx_word' id='word_1_111' title='bbox 223 1225 350 1269; x_wconf 89' lang='lat' dir='ltr'>fidem</span> <span class='ocrx_word' id='word_1_112' title='bbox 386 1226 509 1270; x_wconf 89' lang='lat' dir='ltr'>dictis</span> <span class='ocrx_word' id='word_1_113' title='bbox 544 1226 779 1270; x_wconf 80' lang='lat' dir='ltr'>faciendam</span> <span class='ocrx_word' id='word_1_114' title='bbox 814 1226 879 1269; x_wconf 88' lang='lat' dir='ltr'>vel</span> <span class='ocrx_word' id='word_1_115' title='bbox 913 1226 962 1270; x_wconf 90' lang='lat' dir='ltr'>ad</span> <span class='ocrx_word' id='word_1_116' title='bbox 995 1228 1330 1284; x_wconf 82' lang='lat' dir='ltr'>promissionem</span> <span class='ocrx_word' id='word_1_117' title='bbox 1364 1244 1466 1272; x_wconf 91' lang='lat' dir='ltr'>con-</span> 
     </span>
     <span class='ocr_line' id='line_1_17' title="bbox 41 1296 1468 1356; baseline 0.002 -15"><span class='ocrx_word' id='word_1_118' title='bbox 41 1296 307 1341; x_wconf 84' lang='lat' dir='ltr'>firmandam.</span> <span class='ocrx_word' id='word_1_119' title='bbox 342 1299 525 1354; x_wconf 86' lang='lat' dir='ltr'>Dicitur,</span> <span class='ocrx_word' id='word_1_120' title='bbox 560 1299 755 1342; x_wconf 82' lang='lat' dir='ltr'>invocatio</span> <span class='ocrx_word' id='word_1_121' title='bbox 812 1300 905 1343; x_wconf 71' lang='lat' dir='ltr'>Dei:</span> <span class='ocrx_word' id='word_1_122' title='bbox 953 1314 1060 1356; x_wconf 79' lang='lat' dir='ltr'>quae</span> <span class='ocrx_word' id='word_1_123' title='bbox 1101 1299 1226 1342; x_wconf 85' lang='lat' dir='ltr'>verba</span> <span class='ocrx_word' id='word_1_124' title='bbox 1269 1300 1468 1344; x_wconf 84' lang='lat' dir='ltr'>exhibent</span> 
     </span>
     <span class='ocr_line' id='line_1_18' title="bbox 42 1368 1466 1428; baseline 0.001 -15"><span class='ocrx_word' id='word_1_125' title='bbox 42 1385 194 1427; x_wconf 87' lang='lat' dir='ltr'>genus,</span> <span class='ocrx_word' id='word_1_126' title='bbox 228 1368 304 1411; x_wconf 84' lang='lat' dir='ltr'>sub</span> <span class='ocrx_word' id='word_1_127' title='bbox 338 1384 424 1426; x_wconf 91' lang='lat' dir='ltr'>quo</span> <span class='ocrx_word' id='word_1_128' title='bbox 467 1370 759 1413; x_wconf 75' lang='lat' dir='ltr'>iuramentum</span> <span class='ocrx_word' id='word_1_129' title='bbox 807 1371 1068 1427; x_wconf 84' lang='lat' dir='ltr'>continetur,</span> <span class='ocrx_word' id='word_1_130' title='bbox 1103 1387 1176 1428; x_wconf 91' lang='lat' dir='ltr'>per</span> <span class='ocrx_word' id='word_1_131' title='bbox 1211 1370 1466 1415; x_wconf 86' lang='lat' dir='ltr'>differentias</span> 
     </span>
     <span class='ocr_line' id='line_1_19' title="bbox 44 1441 1469 1500; baseline 0.001 -15"><span class='ocrx_word' id='word_1_132' title='bbox 44 1441 435 1485; x_wconf 85' lang='lat' dir='ltr'>determinandum.</span> <span class='ocrx_word' id='word_1_133' title='bbox 471 1441 583 1484; x_wconf 83' lang='lat' dir='ltr'>Hinc</span> <span class='ocrx_word' id='word_1_134' title='bbox 617 1457 662 1484; x_wconf 84' lang='lat' dir='ltr'>ea</span> <span class='ocrx_word' id='word_1_135' title='bbox 697 1442 842 1484; x_wconf 83' lang='lat' dir='ltr'>statim</span> <span class='ocrx_word' id='word_1_136' title='bbox 878 1441 1096 1485; x_wconf 80' lang='lat' dir='ltr'>adduntur</span> <span class='ocrx_word' id='word_1_137' title='bbox 1128 1443 1271 1500; x_wconf 79' lang='lat' dir='ltr'>verba,</span> <span class='ocrx_word' id='word_1_138' title='bbox 1297 1445 1338 1486; x_wconf 81' lang='lat' dir='ltr'>in</span> <span class='ocrx_word' id='word_1_139' title='bbox 1361 1445 1469 1487; x_wconf 81' lang='lat' dir='ltr'>testi-</span> 
     </span>
     <span class='ocr_line' id='line_1_20' title="bbox 46 1511 1467 1571; baseline 0.001 -16"><span class='ocrx_word' id='word_1_140' title='bbox 46 1514 231 1556; x_wconf 78' lang='lat' dir='ltr'>monium</span> <span class='ocrx_word' id='word_1_141' title='bbox 253 1511 338 1570; x_wconf 86' lang='lat'>(2):</span> <span class='ocrx_word' id='word_1_142' title='bbox 363 1511 517 1570; x_wconf 91' lang='lat' dir='ltr'>quibus</span> <span class='ocrx_word' id='word_1_143' title='bbox 552 1511 691 1555; x_wconf 87' lang='lat' dir='ltr'>verbis</span> <span class='ocrx_word' id='word_1_144' title='bbox 725 1513 1019 1555; x_wconf 81' lang='lat' dir='ltr'>iuramentum</span> <span class='ocrx_word' id='word_1_145' title='bbox 1053 1514 1290 1556; x_wconf 84' lang='lat' dir='ltr'>secernitur</span> <span class='ocrx_word' id='word_1_146' title='bbox 1323 1529 1343 1555; x_wconf 77' lang='lat' dir='ltr'>a</span> <span class='ocrx_word' id='word_1_147' title='bbox 1377 1513 1467 1571; x_wconf 93' lang='lat' dir='ltr'>plu-</span> 
     </span>
     <span class='ocr_line' id='line_1_21' title="bbox 44 1583 1469 1643; baseline 0.001 -15"><span class='ocrx_word' id='word_1_148' title='bbox 44 1583 162 1628; x_wconf 88' lang='lat' dir='ltr'>ribus</span> <span class='ocrx_word' id='word_1_149' title='bbox 195 1583 300 1637; x_wconf 91' lang='lat' dir='ltr'>aliis,</span> <span class='ocrx_word' id='word_1_150' title='bbox 333 1597 374 1628; x_wconf 90' lang='lat' dir='ltr'>et</span> <span class='ocrx_word' id='word_1_151' title='bbox 407 1585 656 1642; x_wconf 81' lang='lat' dir='ltr'>praesertim</span> <span class='ocrx_word' id='word_1_152' title='bbox 692 1583 740 1627; x_wconf 84' lang='lat' dir='ltr'>ab</span> <span class='ocrx_word' id='word_1_153' title='bbox 775 1584 983 1641; x_wconf 67' lang='lat' dir='ltr'>oratione,</span> <span class='ocrx_word' id='word_1_154' title='bbox 1028 1601 1136 1643; x_wconf 75' lang='lat' dir='ltr'>quae</span> <span class='ocrx_word' id='word_1_155' title='bbox 1185 1597 1225 1628; x_wconf 91' lang='lat' dir='ltr'>et</span> <span class='ocrx_word' id='word_1_156' title='bbox 1274 1586 1469 1643; x_wconf 73' lang='lat' dir='ltr'>ipsa-est</span> 
     </span>
     <span class='ocr_line' id='line_1_22' title="bbox 46 1656 1468 1713; baseline 0 -14"><span class='ocrx_word' id='word_1_157' title='bbox 46 1656 261 1699; x_wconf 86' lang='lat' dir='ltr'>invocatio</span> <span class='ocrx_word' id='word_1_158' title='bbox 296 1656 395 1710; x_wconf 86' lang='lat' dir='ltr'>Dei,</span> <span class='ocrx_word' id='word_1_159' title='bbox 430 1670 517 1698; x_wconf 91' lang='lat' dir='ltr'>non</span> <span class='ocrx_word' id='word_1_160' title='bbox 550 1667 694 1698; x_wconf 82' lang='lat' dir='ltr'>tamen</span> <span class='ocrx_word' id='word_1_161' title='bbox 729 1656 826 1712; x_wconf 89' lang='lat' dir='ltr'>Dei,</span> <span class='ocrx_word' id='word_1_162' title='bbox 852 1668 896 1698; x_wconf 91' lang='lat' dir='ltr'>ut</span> <span class='ocrx_word' id='word_1_163' title='bbox 930 1657 1090 1713; x_wconf 84' lang='lat' dir='ltr'>primae</span> <span class='ocrx_word' id='word_1_164' title='bbox 1122 1657 1309 1699; x_wconf 86' lang='lat' dir='ltr'>veritatis</span> <span class='ocrx_word' id='word_1_165' title='bbox 1344 1658 1386 1699; x_wconf 91' lang='lat' dir='ltr'>in</span> <span class='ocrx_word' id='word_1_166' title='bbox 1409 1669 1468 1700; x_wconf 91' lang='lat' dir='ltr'>te-</span> 
     </span>
     <span class='ocr_line' id='line_1_23' title="bbox 45 1725 1469 1783; baseline 0.001 -14"><span class='ocrx_word' id='word_1_167' title='bbox 45 1726 317 1783; x_wconf 85' lang='lat' dir='ltr'>stimonium,</span> <span class='ocrx_word' id='word_1_168' title='bbox 334 1725 409 1769; x_wconf 90' lang='lat' dir='ltr'>sed</span> <span class='ocrx_word' id='word_1_169' title='bbox 433 1727 514 1769; x_wconf 90' lang='lat' dir='ltr'>Dei</span> <span class='ocrx_word' id='word_1_170' title='bbox 549 1739 595 1769; x_wconf 88' lang='lat' dir='ltr'>ut</span> <span class='ocrx_word' id='word_1_171' title='bbox 620 1741 816 1769; x_wconf 78' lang='lat' dir='ltr'>summae</span> <span class='ocrx_word' id='word_1_172' title='bbox 840 1725 1042 1770; x_wconf 82' lang='lat' dir='ltr'>bonitatis</span> <span class='ocrx_word' id='word_1_173' title='bbox 1067 1728 1110 1769; x_wconf 82' lang='lat' dir='ltr'>in</span> <span class='ocrx_word' id='word_1_174' title='bbox 1143 1726 1363 1771; x_wconf 80' lang='lat' dir='ltr'>auxilium.</span> <span class='ocrx_word' id='word_1_175' title='bbox 1383 1729 1469 1771; x_wconf 91' lang='lat' dir='ltr'>De-</span> 
     </span>
     <span class='ocr_line' id='line_1_24' title="bbox 46 1796 1471 1858; baseline 0.001 -17"><span class='ocrx_word' id='word_1_176' title='bbox 46 1796 183 1842; x_wconf 89' lang='lat' dir='ltr'>finitio</span> <span class='ocrx_word' id='word_1_177' title='bbox 216 1798 389 1842; x_wconf 89' lang='lat' dir='ltr'>tandem</span> <span class='ocrx_word' id='word_1_178' title='bbox 413 1800 463 1841; x_wconf 91' lang='lat' dir='ltr'>iis</span> <span class='ocrx_word' id='word_1_179' title='bbox 497 1797 731 1841; x_wconf 81' lang='lat' dir='ltr'>absolvitur</span> <span class='ocrx_word' id='word_1_180' title='bbox 763 1797 916 1854; x_wconf 89' lang='lat' dir='ltr'>verbis,</span> <span class='ocrx_word' id='word_1_181' title='bbox 940 1798 1004 1841; x_wconf 82' lang='lat' dir='ltr'>vel</span> <span class='ocrx_word' id='word_1_182' title='bbox 1025 1799 1080 1842; x_wconf 80' lang='lat' dir='ltr'>ad</span> <span class='ocrx_word' id='word_1_183' title='bbox 1101 1799 1227 1857; x_wconf 78' lang='lat' dir='ltr'>fidem</span> <span class='ocrx_word' id='word_1_184' title='bbox 1259 1799 1376 1843; x_wconf 79' lang='lat' dir='ltr'>dictis</span> <span class='ocrx_word' id='word_1_185' title='bbox 1390 1799 1471 1858; x_wconf 83' lang='lat' dir='ltr'>fa-</span> 
     </span>
    </p>
   </div>
   <div class='ocr_carea' id='block_1_3' title="bbox 55 1947 281 1954">
    <p class='ocr_par' dir='ltr' id='par_1_4' title="bbox 55 1947 281 1954">
     <span class='ocr_line' id='line_1_25' title="bbox 55 1947 281 1954; baseline 0.004 -1"><span class='ocrx_word' id='word_1_186' title='bbox 55 1947 281 1954; x_wconf 74' lang='lat'><strong>——.-</strong></span> 
     </span>
    </p>
   </div>
   <div class='ocr_carea' id='block_1_4' title="bbox 49 2042 1477 2615">
    <p class='ocr_par' dir='ltr' id='par_1_5' title="bbox 49 2042 1474 2318">
     <span class='ocr_line' id='line_1_26' title="bbox 146 2042 1474 2090; baseline -0.001 -10"><span class='ocrx_word' id='word_1_187' title='bbox 146 2046 195 2089; x_wconf 78' lang='grc' dir='ltr'>(ι)</span> <span class='ocrx_word' id='word_1_188' title='bbox 222 2043 473 2080; x_wconf 81' lang='lat' dir='ltr'>Iusiurandum</span> <span class='ocrx_word' id='word_1_189' title='bbox 494 2044 597 2079; x_wconf 88' lang='lat' dir='ltr'>multi</span> <span class='ocrx_word' id='word_1_190' title='bbox 616 2053 741 2090; x_wconf 85' lang='lat' dir='ltr'>putant</span> <span class='ocrx_word' id='word_1_191' title='bbox 762 2043 912 2086; x_wconf 81' lang='lat' dir='ltr'>dictum,</span> <span class='ocrx_word' id='word_1_192' title='bbox 933 2043 1033 2090; x_wconf 82' lang='lat' dir='ltr'>quasi</span> <span class='ocrx_word' id='word_1_193' title='bbox 1052 2042 1143 2078; x_wconf 82' lang='lat' dir='ltr'>Iovis</span> <span class='ocrx_word' id='word_1_194' title='bbox 1161 2042 1358 2079; x_wconf 83' lang='lat' dir='ltr'>iurandum.</span> <span class='ocrx_word' id='word_1_195' title='bbox 1372 2044 1474 2079; x_wconf 87' lang='lat' dir='ltr'>Licet</span> 
     </span>
     <span class='ocr_line' id='line_1_27' title="bbox 50 2103 1472 2150; baseline -0.001 -12"><span class='ocrx_word' id='word_1_196' title='bbox 50 2104 86 2138; x_wconf 90' lang='lat' dir='ltr'>id</span> <span class='ocrx_word' id='word_1_197' title='bbox 111 2115 184 2139; x_wconf 91' lang='lat' dir='ltr'>non</span> <span class='ocrx_word' id='word_1_198' title='bbox 211 2104 302 2139; x_wconf 90' lang='lat' dir='ltr'>adeo</span> <span class='ocrx_word' id='word_1_199' title='bbox 330 2104 436 2150; x_wconf 90' lang='lat' dir='ltr'>plane</span> <span class='ocrx_word' id='word_1_200' title='bbox 463 2103 612 2150; x_wconf 87' lang='lat' dir='ltr'>liqueat,</span> <span class='ocrx_word' id='word_1_201' title='bbox 643 2103 714 2138; x_wconf 91' lang='lat' dir='ltr'>hoc</span> <span class='ocrx_word' id='word_1_202' title='bbox 741 2113 865 2139; x_wconf 82' lang='lat' dir='ltr'>tamen</span> <span class='ocrx_word' id='word_1_203' title='bbox 893 2112 1031 2138; x_wconf 88' lang='lat' dir='ltr'>certum</span> <span class='ocrx_word' id='word_1_204' title='bbox 1060 2113 1124 2141; x_wconf 81' lang='lat' dir='ltr'>est.</span> <span class='ocrx_word' id='word_1_205' title='bbox 1152 2103 1278 2138; x_wconf 89' lang='lat' dir='ltr'>Iovem</span> <span class='ocrx_word' id='word_1_206' title='bbox 1306 2114 1388 2149; x_wconf 84' lang='lat' dir='ltr'>prae</span> <span class='ocrx_word' id='word_1_207' title='bbox 1414 2114 1472 2137; x_wconf 89' lang='lat' dir='ltr'>ce-</span> 
     </span>
     <span class='ocr_line' id='line_1_28' title="bbox 49 2162 1474 2210; baseline -0.002 -10"><span class='ocrx_word' id='word_1_208' title='bbox 49 2164 135 2200; x_wconf 82' lang='lat' dir='ltr'>teris</span> <span class='ocrx_word' id='word_1_209' title='bbox 158 2164 237 2199; x_wconf 87' lang='lat' dir='ltr'>Diis</span> <span class='ocrx_word' id='word_1_210' title='bbox 262 2163 439 2199; x_wconf 86' lang='lat' dir='ltr'>creditum</span> <span class='ocrx_word' id='word_1_211' title='bbox 467 2174 630 2210; x_wconf 90' lang='lat' dir='ltr'>praeesse</span> <span class='ocrx_word' id='word_1_212' title='bbox 657 2163 882 2199; x_wconf 78' lang='lat' dir='ltr'>iuramentis.</span> <span class='ocrx_word' id='word_1_213' title='bbox 923 2162 1016 2196; x_wconf 89' lang='lat' dir='ltr'>Hinc</span> <span class='ocrx_word' id='word_1_214' title='bbox 1041 2162 1239 2209; x_wconf 89' lang='lat' dir='ltr'>Euripides,</span> <span class='ocrx_word' id='word_1_215' title='bbox 1266 2164 1304 2197; x_wconf 87' lang='lat' dir='ltr'>in</span> <span class='ocrx_word' id='word_1_216' title='bbox 1344 2163 1474 2198; x_wconf 88' lang='lat' dir='ltr'>Medea</span> 
     </span>
     <span class='ocr_line' id='line_1_29' title="bbox 51 2221 1474 2270; baseline -0.001 -12"><span class='ocrx_word' id='word_1_217' title='bbox 51 2235 83 2258; x_wconf 81' lang='lat' dir='ltr'>v,</span> <span class='ocrx_word' id='word_1_218' title='bbox 115 2221 203 2270; x_wconf 84' lang='lat'>169.,</span> <span class='ocrx_word' id='word_1_219' title='bbox 225 2223 273 2258; x_wconf 88' lang='lat' dir='ltr'>ait</span> <span class='ocrx_word' id='word_1_220' title='bbox 299 2223 342 2258; x_wconf 93' lang='lat' dir='ltr'>de</span> <span class='ocrx_word' id='word_1_221' title='bbox 369 2223 468 2258; x_wconf 87' lang='lat' dir='ltr'>Iove:</span> <span class='ocrx_word' id='word_1_222' title='bbox 491 2221 601 2264; x_wconf 63' lang='grc' dir='ltr'>ὅρκων</span> <span class='ocrx_word' id='word_1_223' title='bbox 629 2223 766 2262; x_wconf 66' lang='grc' dir='ltr'>Θνκτοῖς</span> <span class='ocrx_word' id='word_1_224' title='bbox 792 2223 919 2268; x_wconf 60' lang='grc' dir='ltr'><strong>ταμίας</strong></span> <span class='ocrx_word' id='word_1_225' title='bbox 949 2223 1167 2269; x_wconf 51' lang='lat' dir='ltr'>neudum-rm,</span> <span class='ocrx_word' id='word_1_226' title='bbox 1187 2223 1474 2258; x_wconf 84' lang='lat' dir='ltr'>iuramentorum</span> 
     </span>
     <span class='ocr_line' id='line_1_30' title="bbox 50 2282 675 2318; baseline -0.005 0"><span class='ocrx_word' id='word_1_227' title='bbox 50 2292 173 2318; x_wconf 89' lang='lat' dir='ltr'>custos</span> <span class='ocrx_word' id='word_1_228' title='bbox 198 2282 409 2317; x_wconf 85' lang='lat' dir='ltr'>hominibus</span> <span class='ocrx_word' id='word_1_229' title='bbox 436 2282 675 2316; x_wconf 81' lang='lat' dir='ltr'>existimatur.</span> 
     </span>
    </p>

    <p class='ocr_par' dir='ltr' id='par_1_6' title="bbox 51 2338 1477 2615">
     <span class='ocr_line' id='line_1_31' title="bbox 144 2338 1476 2387; baseline -0.002 -10"><span class='ocrx_word' id='word_1_230' title='bbox 144 2342 201 2387; x_wconf 90' lang='lat'>(2)</span> <span class='ocrx_word' id='word_1_231' title='bbox 229 2340 480 2386; x_wconf 73' lang='lat' dir='ltr'>subintellige,</span> <span class='ocrx_word' id='word_1_232' title='bbox 508 2341 542 2375; x_wconf 86' lang='lat' dir='ltr'>in</span> <span class='ocrx_word' id='word_1_233' title='bbox 570 2340 820 2375; x_wconf 82' lang='lat' dir='ltr'>testimonium</span> <span class='ocrx_word' id='word_1_234' title='bbox 862 2344 898 2374; x_wconf 85' lang='lat' dir='ltr'>ut</span> <span class='ocrx_word' id='word_1_235' title='bbox 925 2338 1157 2375; x_wconf 57' lang='lat' dir='ltr'>exhibendum.</span> <span class='ocrx_word' id='word_1_236' title='bbox 1192 2340 1265 2382; x_wconf 82' lang='lat' dir='ltr'>Qui</span> <span class='ocrx_word' id='word_1_237' title='bbox 1304 2351 1391 2386; x_wconf 86' lang='lat' dir='ltr'>ergo</span> <span class='ocrx_word' id='word_1_238' title='bbox 1431 2338 1476 2374; x_wconf 89' lang='lat' dir='ltr'>ad</span> 
     </span>
     <span class='ocr_line' id='line_1_32' title="bbox 52 2400 1474 2449; baseline -0.004 -12"><span class='ocrx_word' id='word_1_239' title='bbox 52 2401 181 2449; x_wconf 89' lang='lat' dir='ltr'>aliquid</span> <span class='ocrx_word' id='word_1_240' title='bbox 210 2400 440 2447; x_wconf 86' lang='lat' dir='ltr'>probandum</span> <span class='ocrx_word' id='word_1_241' title='bbox 466 2401 601 2435; x_wconf 90' lang='lat' dir='ltr'>inducit</span> <span class='ocrx_word' id='word_1_242' title='bbox 628 2401 882 2435; x_wconf 87' lang='lat' dir='ltr'>auctoritatem</span> <span class='ocrx_word' id='word_1_243' title='bbox 910 2411 934 2434; x_wconf 90' lang='lat' dir='ltr'>s.</span> <span class='ocrx_word' id='word_1_244' title='bbox 964 2400 1180 2446; x_wconf 83' lang='lat' dir='ltr'>Scripturae‚</span> <span class='ocrx_word' id='word_1_245' title='bbox 1210 2401 1238 2434; x_wconf 88' lang='lat' dir='ltr'>is</span> <span class='ocrx_word' id='word_1_246' title='bbox 1265 2411 1339 2434; x_wconf 90' lang='lat' dir='ltr'>non</span> <span class='ocrx_word' id='word_1_247' title='bbox 1368 2400 1474 2433; x_wconf 86' lang='lat' dir='ltr'>iurat:</span> 
     </span>
     <span class='ocr_line' id='line_1_33' title="bbox 51 2458 1477 2506; baseline -0.002 -10"><span class='ocrx_word' id='word_1_248' title='bbox 51 2461 147 2496; x_wconf 88' lang='lat' dir='ltr'>aliud</span> <span class='ocrx_word' id='word_1_249' title='bbox 173 2461 268 2495; x_wconf 87' lang='lat' dir='ltr'>enim</span> <span class='ocrx_word' id='word_1_250' title='bbox 297 2468 361 2502; x_wconf 86' lang='lat' dir='ltr'>est,</span> <span class='ocrx_word' id='word_1_251' title='bbox 387 2460 437 2495; x_wconf 90' lang='lat' dir='ltr'>uti</span> <span class='ocrx_word' id='word_1_252' title='bbox 462 2459 672 2495; x_wconf 85' lang='lat' dir='ltr'>testimonio</span> <span class='ocrx_word' id='word_1_253' title='bbox 700 2460 768 2495; x_wconf 91' lang='lat' dir='ltr'>Dei</span> <span class='ocrx_word' id='word_1_254' title='bbox 795 2462 868 2494; x_wconf 83' lang='lat' dir='ltr'>iam</span> <span class='ocrx_word' id='word_1_255' title='bbox 894 2458 987 2503; x_wconf 77' lang='lat' dir='ltr'>dato,</span> <span class='ocrx_word' id='word_1_256' title='bbox 1010 2468 1043 2494; x_wconf 91' lang='lat' dir='ltr'>et</span> <span class='ocrx_word' id='word_1_257' title='bbox 1062 2460 1157 2494; x_wconf 83' lang='lat' dir='ltr'>aliud</span> <span class='ocrx_word' id='word_1_258' title='bbox 1185 2459 1380 2506; x_wconf 86' lang='lat' dir='ltr'>implorare</span> <span class='ocrx_word' id='word_1_259' title='bbox 1407 2467 1477 2494; x_wconf 91' lang='lat' dir='ltr'>tes-</span> 
     </span>
     <span class='ocr_line' id='line_1_34' title="bbox 51 2517 1477 2566; baseline -0.003 -10"><span class='ocrx_word' id='word_1_260' title='bbox 51 2519 248 2556; x_wconf 86' lang='lat' dir='ltr'>timonium</span> <span class='ocrx_word' id='word_1_261' title='bbox 273 2520 341 2555; x_wconf 86' lang='lat' dir='ltr'>Dei</span> <span class='ocrx_word' id='word_1_262' title='bbox 368 2524 404 2553; x_wconf 85' lang='lat' dir='ltr'>ut</span> <span class='ocrx_word' id='word_1_263' title='bbox 428 2519 660 2553; x_wconf 71' lang='lat' dir='ltr'>exhibendum.</span> <span class='ocrx_word' id='word_1_264' title='bbox 691 2519 768 2553; x_wconf 86' lang='lat' dir='ltr'>Hoc</span> <span class='ocrx_word' id='word_1_265' title='bbox 796 2518 963 2562; x_wconf 86' lang='lat' dir='ltr'>alterum,</span> <span class='ocrx_word' id='word_1_266' title='bbox 984 2530 1058 2554; x_wconf 90' lang='lat' dir='ltr'>non</span> <span class='ocrx_word' id='word_1_267' title='bbox 1085 2531 1171 2555; x_wconf 88' lang='lat' dir='ltr'>vero</span> <span class='ocrx_word' id='word_1_268' title='bbox 1199 2521 1359 2566; x_wconf 87' lang='lat' dir='ltr'>primum</span> <span class='ocrx_word' id='word_1_269' title='bbox 1378 2517 1477 2560; x_wconf 88' lang='lat' dir='ltr'>illud,</span> 
     </span>
     <span class='ocr_line' id='line_1_35' title="bbox 53 2578 907 2615; baseline -0.001 -1"><span class='ocrx_word' id='word_1_270' title='bbox 53 2588 109 2615; x_wconf 85' lang='lat' dir='ltr'>est</span> <span class='ocrx_word' id='word_1_271' title='bbox 136 2581 263 2614; x_wconf 86' lang='lat' dir='ltr'>iurare.</span> <span class='ocrx_word' id='word_1_272' title='bbox 292 2578 348 2615; x_wconf 90' lang='lat' dir='ltr'>Cf.</span> <span class='ocrx_word' id='word_1_273' title='bbox 377 2590 404 2614; x_wconf 79' lang='grc'>3.</span> <span class='ocrx_word' id='word_1_274' title='bbox 429 2579 499 2614; x_wconf 90' lang='lat' dir='ltr'>Th.</span> <span class='ocrx_word' id='word_1_275' title='bbox 528 2580 550 2613; x_wconf 94' lang='grc' dir='ltr'>Ι.</span> <span class='ocrx_word' id='word_1_276' title='bbox 578 2579 637 2614; x_wconf 89' lang='lat' dir='ltr'>cit.</span> <span class='ocrx_word' id='word_1_277' title='bbox 664 2590 698 2614; x_wconf 87' lang='lat' dir='ltr'>a.</span> <span class='ocrx_word' id='word_1_278' title='bbox 731 2589 757 2613; x_wconf 92' lang='lat'>1.</span> <span class='ocrx_word' id='word_1_279' title='bbox 785 2579 827 2613; x_wconf 90' lang='lat' dir='ltr'>ad</span> <span class='ocrx_word' id='word_1_280' title='bbox 859 2585 907 2613; x_wconf 81' lang='lat'>1¹¹¹.</span> 
     </span>
    </p>
   </div>
  </div>
 </body>
</html>
