1737 2802
102 235 230 279 posse
263 219 377 263 licite
410 236 432 263 a
463 232 504 263 te
537 220 687 263 occidi:
723 220 821 278 quia
853 232 954 263 tunc
987 235 1085 262 vere
1118 234 1206 262 non
1242 231 1382 276 potest
1425 235 1539 277 pro--

100 293 244 336 ximus
278 291 358 336 sibi
391 291 629 345 consulere,
663 305 703 335 et
737 291 960 334 subvenire
993 291 1036 334 in
1059 290 1129 333 illa
1162 302 1350 334 extrema
1381 306 1533 334 neces-

102 365 225 408 sitate
259 378 299 408 et
330 365 520 422 periculo
555 377 672 408 certo
706 376 898 406 aeternae
932 363 1233 416 damnationis,
1267 363 1348 405 nisi
1382 374 1426 405 tu
1461 364 1529 404 vi-

103 449 190 480 tam
225 437 442 495 propriam
478 451 664 494 exponas
689 451 766 493 pro
791 437 881 478 eius
906 435 1111 480 remedio.
1137 435 1219 478 Hic
1243 446 1384 478 autem
1410 449 1531 477 casus

102 509 338 553 rarissimus
370 509 464 563 erit,
499 507 615 565 quod
651 520 816 551 constet
849 506 969 549 illum
1004 522 1096 550 esse
1129 507 1172 549 in
1206 517 1317 550 statu
1351 507 1529 564 peccati,

104 581 158 625 ob
191 581 308 639 quod
342 581 383 624 in
418 593 637 624 aeternum
675 578 942 622 damnandus
976 580 1083 621 sit.»

229 651 545 696 Concludimus
571 650 813 708 generalem
837 649 1069 708 quamdam
1095 649 1288 707 regulam
1322 648 1531 692 tradendo

107 740 158 768 ex
190 725 358 767 Becano
392 721 474 781 (Ι).
512 723 594 765 Hic
629 738 726 765 cum
764 723 1054 779 praemisisset
1104 722 1366 764 occisionem
1418 736 1525 778 pro—

103 795 209 837 ximi
245 809 336 836 esse
386 792 509 836 aliam
545 792 719 850 quidem
770 793 947 847 licitam,
993 791 1115 835 aliam
1161 807 1265 834 vero
1314 791 1526 846 illicitam,

105 865 270 924 quaerit
311 864 466 908 «unde
500 877 684 916 constet,
720 880 826 922 quae
861 864 1019 906 occisio
1044 864 1098 906 sit
1131 862 1243 906 licita
1275 875 1316 906 et
1349 878 1457 920 quae
1483 862 1532 904 il—

102 935 244 979 licita?
265 952 286 975 »
327 936 396 979 Sic
430 947 574 978 autem
611 934 856 992 respondet:
896 952 916 974 «
943 935 1124 978 Constat
1158 950 1208 977 ex
1241 933 1323 976 hoc
1347 932 1529 976 naturali

105 1007 335 1065 principio,
370 1006 475 1064 qnod
505 1005 671 1064 quilibet
704 1006 817 1049 homo
851 1005 997 1048 habeat
1031 1006 1093 1049 ἱιις
1116 1004 1384 1050 conservandi
1404 1019 1531 1049 Slme

103 1079 233 1121 v'itam
265 1086 300 1120 et
334 1077 474 1120 utendi
505 1078 591 1121 suis
617 1078 823 1135 potentiis.
858 1078 970 1120 Hinc
1013 1078 1135 1121 enim.
1178 1076 1373 1134 sequitur
1421 1077 1532 1119 occi-

108 1151 278 1194 sionem
313 1149 504 1192 hominis
554 1161 655 1192 tunc
689 1164 782 1192 esse
831 1148 1036 1202 illicitam,
1071 1147 1244 1206 quando
1282 1148 1400 1205 viget
1448 1146 1533 1190 hoc

107 1222 173 1264 ius
207 1233 248 1264 et
281 1236 370 1264 non
403 1233 627 1278 superatur
662 1219 710 1263 ab
734 1219 816 1263 alio
849 1220 1082 1277 potentiori
1106 1220 1210 1262 iure:
1247 1230 1395 1262 contra
1427 1233 1532 1262 vero

107 1304 210 1336 tunc
241 1307 330 1335 non
365 1307 458 1335 esse
491 1290 696 1345 illicitam,
730 1290 902 1349 quando
936 1306 1026 1334 non
1059 1291 1175 1347 viget
1207 1289 1330 1342 illud,
1365 1288 1439 1333 sed
1462 1304 1540 1332 su-

108 1376 280 1423 peratur
313 1363 360 1406 ab
394 1363 476 1406 alio
512 1363 809 1421 praestantiori
833 1364 978 1406 iure.»
1006 1387 1062 1395 —
1083 1363 1216 1420 Atqui
1248 1372 1363 1404 extra
1385 1376 1532 1404 casum

108 1435 370 1480 necessariae
405 1434 667 1478 defensionis
702 1447 850 1478 contra
881 1435 1091 1478 iniustum
1127 1448 1443 1491 aggressorem,
1469 1433 1535 1476 ius

106 1507 298 1566 proximi
332 1506 383 1550 ad
415 1507 524 1550 vitae
558 1507 932 1550 conservationem
958 1506 1072 1563 viget
1105 1521 1151 1548 ac
1174 1517 1269 1549 stat:
1303 1519 1392 1548 non
1415 1505 1535 1562 viget

103 1578 148 1621 in
181 1593 279 1621 casu
313 1578 575 1621 necessariae
610 1576 873 1621 defensionis
908 1589 1056 1620 contra
1080 1577 1291 1620 iniustum
1325 1577 1436 1619 vitae
1461 1591 1540 1632 ag*

105 1663 365 1707 gressorem.
400 1650 516 1706 Ergo
550 1650 593 1691 in
627 1648 755 1692 altera
805 1647 980 1706 quidem
1015 1647 1247 1706 hypothesi
1291 1659 1355 1691 est
1404 1646 1538 1699 licita,

107 1721 151 1764 in
183 1721 320 1779 priori
352 1736 453 1764 vero
488 1719 721 1778 hypothesi
755 1732 818 1764 est
852 1719 996 1763 illicita
1030 1720 1191 1763 occisio
1225 1719 1426 1778 proximi.

227 1806 296 1849 73.
331 1794 585 1837 SCHOLION.
617 1792 764 1850 Itaque
796 1807 886 1835 non
923 1790 1058 1834 modo
1100 1789 1206 1848 legis
1243 1789 1410 1834 divinae
1444 1804 1529 1846 po-

107 1865 272 1923 sitivae,
305 1863 380 1908 sed
413 1864 542 1908 etiam
575 1864 686 1921 legis
736 1862 901 1906 divinae
934 1862 1141 1906 naturalis
1190 1860 1425 1920 prohibitio
1460 1872 1544 1913 est,

109 1938 209 1982 Non
242 1936 397 1981 occides.
433 1937 550 1979 Haec
573 1947 717 1978 autem
750 1934 858 1992 legis
883 1933 1048 1978 divinae
1072 1932 1277 1977 naturalis
1302 1930 1538 1990 prohibitio

112 2008 239 2053 debet
271 2007 452 2065 intelligi
486 2020 526 2051 et
557 2006 757 2065 explicari
790 2005 875 2049 hoc
906 2016 1046 2064 pacto,
1080 2019 1250 2062 nempe:
1284 2019 1337 2047 ne
1371 2001 1544 2046 occidas

103 2082 279 2139 privata
310 2081 551 2124 auctoritate
587 2091 627 2122 et
661 2079 837 2135 insuper
870 2085 989 2121 extra
1022 2091 1161 2120 casum
1192 2075 1438 2119 necessariae
1470 2073 1539 2116 de-

102 2152 302 2211 fensionis
335 2162 477 2195 contra
512 2151 710 2194 iniustum
743 2149 851 2192 vitae
895 2163 1177 2206 aggressorem.
1212 2171 1269 2180 —-
1302 2146 1418 2203 Dixi,
1447 2145 1543 2204 pri-

112 2233 215 2268 vata
247 2224 502 2267 auctoritate.
536 2223 667 2279 Nam,
701 2233 747 2264 ut
771 2237 803 2264 s.
837 2220 1110 2278 Augustinus
1134 2218 1200 2277 (2)
1234 2218 1305 2275 ait,
1346 2231 1541 2275 «nequa-

115 2310 247 2354 quam
281 2306 428 2338 contra
460 2293 544 2337 hoc
576 2304 854 2351 praeceptum
889 2290 1096 2346 fecerunt,
1130 2305 1217 2349 quo
1252 2289 1415 2334 dictum
1459 2300 1544 2342 est,

211 2536 263 2583 (1)
289 2535 360 2583 Op.
388 2544 423 2570 et
450 2535 472 2570 l.
499 2546 595 2569 nunc
622 2533 681 2569 cit.
711 2545 742 2580 q.
773 2543 804 2568 2.
830 2542 929 2567 num.
957 2542 992 2575 4.

213 2596 266 2642 (2)
292 2596 347 2631 De
374 2597 442 2633 civ.
467 2595 537 2631 Dei
563 2594 587 2629 1.
620 2606 652 2629 1.
676 2606 706 2630 c.
734 2603 791 2629 21.
