1737 2802
695 99 959 128 1—15‘2—

816 115 864 141 2)

116 194 210 222 esse
243 179 345 222 duas
378 181 584 237 actiones,
607 180 780 224 alteram
806 181 1076 234 materialem,
1101 181 1276 224 alteram
1300 181 1538 239 formalem.

117 249 351 294 Materialis
375 263 450 305 est,
471 251 520 294 de
543 267 623 310 qua
647 251 692 295 fit
716 264 884 306 votum,
907 265 954 295 ut
978 253 1179 306 ieiunare,
1203 252 1436 296 sacrificare
1462 264 1540 296 etc.

116 321 325 365 Formalis
359 335 422 366 est
466 325 555 380 ipsa
598 325 832 380 promissio
866 322 1080 366 ieiunandi
1107 322 1173 366 vel
1206 322 1468 367 sacrificandi
1502 336 1544 367 et

118 394 422 451 promissionis
456 394 721 453 adimpletio.
746 396 893 448 Quare
927 394 1117 438 formalis
1141 395 1250 437 actio
1284 409 1455 452 semper
1476 405 1540 437 est

116 477 234 508 actus
268 466 505 524 religionis.
529 466 762 510 Materialis
796 479 941 510 autem
964 465 1182 510 interdum
1216 478 1279 509 est
1302 465 1539 523 religionis,

117 548 165 579 ut
197 537 233 579 si
266 538 362 595 quis
393 551 547 581 voveat
575 537 768 596 quotidie
800 554 917 581 sacra
950 537 1102 594 facere,
1124 536 1341 581 interdum
1364 537 1535 582 alterius

114 609 299 663 virtutis,
334 623 379 652 ut
411 611 445 652 si
479 612 574 668 quis
607 623 761 653 voveat
793 624 912 653 sexta
945 609 1049 653 feria
1081 625 1253 667 semper
1286 611 1488 656 ieiunare.
1509 629 1531 652 >›

234 681 286 725 ΙΙ.
320 682 487 724 Votum
520 695 582 724 est
616 681 718 724 utile
751 697 826 724 seu
859 680 1070 739 expediens
1102 680 1238 725 nobis.
1276 707 1331 715 —
1366 683 1467 735 Qua
1491 685 1534 727 in

115 768 158 796 re
192 752 402 810 praeclara
434 765 532 795 sunt
567 769 598 796 s.
630 752 831 796 Thomae
854 752 919 811 (1)
943 751 1081 795 verba:
1120 770 1142 793 «
1161 753 1328 796 Votum
1352 767 1415 796 est
1439 771 1534 813 pro-

116 824 267 867 missio
299 823 395 866 Deo
429 823 547 867 facta.
581 823 675 866 Alia
704 836 843 866 autem
881 824 1045 866 ratione
1079 824 1348 881 promittitur
1381 824 1541 883 aliquid

113 895 267 938 homini
299 907 339 937 et
373 895 473 938 Deo.
510 895 691 938 Homini
724 895 899 952 quidem
933 895 1204 952 promittitur
1236 908 1412 954 propter
1446 898 1537 941 eius

115 967 357 1023 utilitatem,
391 967 458 1009 cui
491 966 593 1010 utile
626 979 703 1020 est,
728 980 768 1010 et
802 967 918 1024 quod
952 967 988 1009 ei
1022 966 1181 1025 aliquid
1214 967 1476 1026 exhibeatur,
1498 981 1540 1013 et

116 1037 234 1096 quod
267 1054 366 1081 eum
402 1038 452 1080 de
485 1036 626 1080 futura
661 1038 923 1082 exhibitione
957 1038 1074 1095 prius
1118 1039 1416 1085 certificemus.
1451 1041 1538 1085 Sed

118 1111 454 1169 promissionem
489 1111 586 1154 Deo
618 1109 812 1166 facimus,
845 1126 933 1154 non
967 1125 1142 1170 propter
1175 1113 1266 1155 eius
1291 1112 1550 1169 utilitatem,

117 1181 192 1226 sed
218 1194 426 1225 nostram.
452 1181 579 1226 Unde
601 1183 873 1240 Augustinus
898 1184 958 1240 (2)
983 1183 1100 1228 dicit:
1124 1184 1342 1241 Benignus
1368 1196 1542 1228 exactor

116 1267 180 1298 est
211 1267 253 1298 et
285 1269 373 1297 non
406 1270 584 1312 egenus,
617 1267 663 1297 ut
696 1256 768 1313 qui
811 1271 899 1299 non
948 1268 1107 1299 crescat
1138 1273 1190 1300 ex
1239 1256 1431 1313 redditis,
1467 1259 1542 1304 sed

115 1326 160 1368 in
192 1341 238 1369 se
272 1340 459 1368 crescere
492 1324 614 1368 faciat
647 1325 899 1369 redditores.
925 1326 976 1368 Et
1009 1327 1118 1369 sicut
1151 1326 1212 1380 id,
1237 1327 1356 1385 quod
1391 1328 1543 1373 damus

116 1397 234 1450 Deo,
266 1411 353 1440 non
387 1409 451 1439 est
482 1396 520 1439 ei
553 1395 671 1453 utile,
705 1396 779 1440 sed
807 1396 949 1453 nobis,
983 1397 1081 1455 quia
1128 1398 1236 1456 quod
1282 1401 1317 1442 ei
1357 1399 1544 1445 redditur

115 1468 297 1512 reddenti
326 1467 511 1521 additur,
546 1480 592 1511 ut
625 1469 896 1525 Augustinus
929 1468 1002 1527 (3)
1036 1468 1152 1523 dicit3
1190 1471 1246 1513 ita
1279 1471 1407 1515 etiam
1443 1488 1540 1530 pro-

117 1539 287 1597 missio,
319 1554 404 1598 qua
435 1539 532 1582 Deo
565 1538 724 1598 aliquid
758 1554 987 1598 vovemuS,
1010 1556 1099 1584 non
1134 1541 1244 1585 cedit
1277 1543 1319 1585 in
1343 1544 1434 1586 eius
1459 1544 1542 1587 uti·

117 1610 297 1668 litatem,
331 1613 405 1671 qui
438 1628 459 1655 a
490 1611 614 1655 nobis
649 1611 866 1656 certificari
901 1627 988 1655 non
1022 1612 1198 1671 indiget,
1230 1613 1305 1657 sed
1343 1614 1393 1658 ad
1427 1614 1543 1658 utili-

116 1695 246 1728 tatem
283 1696 494 1738 nostram,
530 1685 778 1744 inquantum
826 1684 1011 1728 vovendo
1060 1685 1313 1729 voluntatem
1359 1695 1546 1731 nostram

210 1946 265 1992 (ι)
291 1945 330 1981 ln
348 1956 378 1980 2.
400 1955 431 1980 2.
451 1957 485 1992 q.
506 1944 559 1980 88.
582 1955 612 1979 a.
627 1955 661 1986 4.
687 1942 744 1978 Cf.
762 1944 903 1987 Suarez,
931 1944 1064 1979 devoto
1093 1944 1115 1978 l.
1135 1944 1161 1979 1.
1181 1955 1208 1980 c.
1243 1944 1294 1979 18.
1313 1945 1352 1979 In
1376 1956 1476 1981 num.
1502 1945 1540 1983 6.

118 2008 178 2044 ait:
208 2021 225 2038 «
241 2006 295 2042 Ex
322 2015 409 2041 voto
436 2004 609 2040 utilitates
634 2003 919 2039 honestissimae
945 2012 1212 2049 comparantur.
1231 2004 1362 2048 Prima,
1381 2005 1462 2052 quia
1483 2018 1547 2053 per

119 2064 208 2102 illud
231 2065 346 2100 homo
372 2064 557 2099 liberalem
584 2075 621 2098 se
650 2064 808 2099 ostendit
834 2075 918 2110 erga
958 2064 1172 2099 Creatorem
1212 2075 1335 2106 suum,
1363 2065 1415 2099 illi
1453 2065 1543 2101 offe·

121 2125 233 2160 tendo
259 2137 297 2161 se
321 2125 379 2160 vel
405 2136 480 2167 sua,
507 2123 620 2159 modo
649 2124 808 2169 quodam
836 2124 953 2159 stabili
980 2134 1014 2160 et
1040 2123 1159 2159 firmo.
1178 2123 1342 2168 Secunda,
1361 2137 1425 2171 per
1449 2126 1546 2162 hunc

121 2193 243 2220 actum
269 2184 429 2219 maxime
456 2183 544 2218 colit
569 2185 704 2225 Deum,
731 2183 949 2218 honorando
977 2183 1095 2227 illum,
1124 2183 1182 2219 vel
1217 2186 1349 2231 gratias
1387 2185 1545 2232 agendo,

121 2245 179 2279 vel
205 2243 256 2278 illi
281 2255 319 2279 se
343 2243 602 2278 submittendo.
632 2242 762 2284 Tertia,
788 2251 914 2277 votum
942 2243 1058 2289 ipsum
1085 2254 1151 2278 suo
1180 2243 1291 2292 modo
1319 2254 1371 2280 est
1407 2245 1546 2291 princi-

122 2304 224 2350 pium
251 2302 446 2337 meliorum
481 2313 642 2350 operum.
672 2302 822 2347 Quarta,
853 2311 979 2337 votum
1019 2311 1070 2338 est
1110 2294 1220 2338 etiam
1259 2304 1352 2338 ratio
1391 2305 1548 2351 saepius,

117 2362 343 2410 frequentius
367 2373 407 2397 ac
433 2363 563 2398 certius
589 2363 682 2397 bene
709 2362 925 2409 operandi.»

216 2423 273 2469 (2)
298 2423 407 2470 Epist.
441 2431 527 2467 127„
552 2421 596 2458 al.
624 2431 696 2466 45„
723 2421 766 2456 ad
794 2422 1065 2456 Armentarium
1093 2430 1127 2457 et
1153 2433 1303 2457 uxorem
1332 2423 1407 2457 eius
1446 2422 1547 2457 Pau-

120 2482 235 2519 linam
262 2493 364 2518 num.
396 2493 424 2528 3.

215 2541 270 2588 (3)
294 2542 360 2587 Ep.
386 2552 482 2576 nunc
507 2541 567 2576 cit.
595 2551 695 2575 num.
723 2539 804 2575 eod.
