1737 2802
671 137 729 149 1-
769 124 912 166 33—

76 210 120 253 in
153 208 378 268 proprium
410 207 574 250 bonum
607 221 681 249 seu
716 205 999 248 commodum
1035 205 1313 250 adhibendas,
1339 207 1382 250 Si
1418 209 1502 265 pri-

77 296 215 334 mum,
248 279 454 322 habemus
486 279 552 321 ius
586 277 892 329 iurisdictionis,
924 276 1042 335 quod
1076 276 1276 320 definitur
1310 291 1505 336 potestas

77 351 271 410 legitima
292 351 536 409 Superioris
559 347 825 406 gubernandi
849 347 1060 401 subditos,
1079 347 1120 392 h.
1140 365 1173 392 e.
1195 350 1506 409 praecipiendi,

78 422 268 475 vetandi,
302 419 596 479 permittendi,
633 419 867 472 iudicandi,
901 419 1103 476 puniendi
1137 432 1231 476 etc.‚
1265 432 1305 462 et
1355 422 1415 464 sic
1461 423 1505 464 in

77 509 284 538 commune
333 492 496 536 bonum
545 491 740 535 subditos
790 490 1016 547 dirigendi.
1069 491 1145 533 Sin
1189 491 1389 545 alterum,
1441 494 1504 535 ius

80 563 258 608 habetur
287 564 565 621 proprietatis,
599 577 672 604 seu
709 573 895 618 potestas
930 560 1118 617 legitima
1152 560 1417 619 disponendi
1455 562 1508 606 de

81 652 125 681 re
157 636 296 693 aliqua
328 636 368 677 in
398 635 612 692 proprium
645 631 944 675 commodum.

201 708 339 750 Porro
373 707 437 748 ius
487 705 762 762 proprietatis
812 703 969 760 duplex
1019 704 1317 761 distinguitur,
1351 721 1509 764 nempe

83 779 194 822 aliud
228 780 270 821 in
303 793 358 830 re,
395 776 507 819 aliud
539 775 710 818 adrem.
745 775 816 818 Ius
852 777 892 818 in
927 791 965 817 rc
991 788 1090 817 tunc
1124 776 1260 828 adest,
1288 793 1386 819 cum
1413 779 1508 835 quis

83 850 207 893 habet
240 865 330 892 rem
366 849 502 905 ipsam
536 846 612 889 sibi
649 845 895 889 immediate
929 845 1175 889 devinctam
1220 863 1293 890 seu
1340 847 1511 905 obliga-

83 935 184 966 tam:
219 933 321 964 tunc
352 935 456 963 vero
490 919 607 962 adest
640 919 705 961 ius
739 917 794 960 ad
826 933 921 970 rem,
959 933 1055 960 cum
1092 920 1186 975 quis
1222 919 1347 962 habet
1382 932 1511 978 pote-

83 1005 238 1036 statem
272 991 351 1034 sibi
384 990 599 1047 obligandi
633 1005 739 1046 rem,
772 990 797 1033 i.
823 1006 858 1032 e.
893 1005 990 1032 cum
1025 991 1119 1047 quis
1154 990 1348 1034 nondum
1386 991 1513 1035 habet

84 1065 222 1122 ipsam
257 1078 347 1105 rem
384 1061 463 1105 sibi
497 1060 745 1104 immediate
793 1060 1031 1103 devinctam
1067 1074 1106 1103 et
1153 1060 1403 1118 obligatam,
1437 1063 1512 1106 sed

84 1135 255 1178 alterius
290 1135 434 1192 potius
469 1147 696 1190 personam
732 1132 782 1174 ad
815 1148 905 1175 rem
931 1132 1115 1190 aliquam
1141 1133 1221 1175 sibi
1247 1134 1509 1180 tradendam.

85 1208 199 1250 Hinc
231 1207 297 1248 ius
321 1207 362 1248 in
387 1221 427 1248 re
449 1204 594 1248 tribuit
620 1203 953 1247 vindicationem
989 1206 1048 1248 rei
1073 1220 1147 1247 seu
1183 1207 1396 1249 actionem
1417 1221 1515 1250 rea-

85 1279 161 1322 lem
192 1278 236 1320 in
269 1293 360 1320 rem
394 1278 547 1334 ipsam,
584 1292 692 1333 quae
725 1288 881 1333 potest,
917 1292 1194 1335 quocumque
1229 1277 1465 1336 devenerit,
1493 1295 1516 1322 a

84 1349 190 1392 iuris
223 1347 416 1391 subiecto
450 1349 582 1405 repeti
616 1363 662 1391 ac
694 1347 912 1391 vindicari:
937 1348 1002 1390 ius
1035 1348 1091 1390 ad
1123 1364 1207 1391 rem
1240 1348 1386 1392 tribuit
1411 1362 1514 1392 tan-

84 1419 318 1462 tummodo
352 1419 564 1461 actionem
595 1417 843 1476 personalem
877 1419 919 1460 in
969 1413 1363 1477 personaquuae
1416 1420 1515 1463 exi-

86 1502 202 1533 stens
235 1488 426 1533 subiecto
449 1490 554 1531 iuris
588 1488 775 1545 obligata
807 1488 858 1531 ad
881 1488 1039 1546 aliquid
1062 1489 1333 1547 tradendum,
1361 1489 1518 1533 abnuit

85 1577 160 1605 seu
193 1560 373 1620 impedit
405 1562 464 1604 rei
496 1561 632 1619 ipsius
666 1560 994 1618 acquisitionem
1031 1560 1198 1619 (1).—
1234 1562 1304 1605 Sic
1337 1577 1387 1604 ex
1410 1562 1509 1606 Iure

85 1737 142 1762 res
168 1726 370 1775 corporales,
398 1736 490 1774 quae
515 1728 618 1773 tangi
644 1736 808 1771 possunt,
836 1736 874 1762 ut
900 1738 1046 1773 equum,
1075 1737 1225 1771 vestem,
1246 1729 1414 1767 domum,
1445 1740 1514 1764 au-

86 1800 179 1827 rum,
205 1786 406 1832 argefftum,
425 1787 487 1821 sed
506 1787 613 1821 etism
634 1797 688 1821 res
708 1787 945 1832 incorporales,
967 1799 1057 1833 quae
1086 1789 1206 1822 solum
1234 1787 1420 1822 {ntellectu
1442 1799 1521 1832 per-

86 1847 279 1896 cipiuntur,
305 1846 507 1881 cuiusmodi
538 1855 620 1880 sunt
649 1847 722 1880 iura
749 1845 792 1879 ad
820 1845 969 1892 aliquid,
999 1854 1037 1880 ut
1062 1859 1095 1881 v.
1126 1860 1160 1892 g.
1190 1848 1244 1880 ius
1271 1846 1426 1881 adeundi
1450 1847 1519 1881 he-

86 1906 290 1948 reditatem,
320 1906 373 1940 ius
403 1905 541 1940 fruendi
569 1914 628 1939 aut
655 1905 777 1940 utendi
813 1916 849 1939 re
887 1905 1049 1945 alterius,
1078 1907 1132 1939 ius
1170 1908 1250 1941 viae
1289 1917 1351 1951 per
1390 1917 1518 1951 agrum

86 1965 256 2008 alienum,
284 1966 336 1999 ius
365 1965 532 2000 mittendi
558 1964 785 2000 stillicidium
813 1965 964 1998 alicuius
991 1965 1123 1999 domus<
1151 1977 1257 2011 super
1276 1965 1432 2000 alienam
1452 1965 1522 2000 do-

86 2035 189 2058 mum
217 2034 251 2059 et
277 2024 418 2066 similia.
446 2025 543 2058 Haec
571 2025 669 2058 enim
690 2024 764 2057 iura
787 2033 1046 2069 computantur
1065 2024 1158 2058 inter
1178 2035 1233 2058 res
1252 2023 1517 2070 incorporales,

87 2091 125 2117 ut
150 2083 301 2118 habetur
327 2083 474 2117 institut.
503 2082 547 2117 de
574 2084 679 2117 rebus
707 2082 889 2127 corporal.
920 2091 953 2117 et
982 2083 1203 2129 incorporal.
1223 2097 1242 2116 »

184 2142 240 2187 (1)
268 2141 326 2177 Cf.
357 2141 670 2188 Gury-lelerini‚
698 2150 805 2177 tract.
835 2142 878 2176 de
905 2143 988 2177 Iust.
1009 2151 1042 2177 et
1061 2143 1141 2177 Iure
1162 2144 1206 2177 ab
1236 2143 1328 2177 init.:
1352 2143 1520 2189 Struggl,

88 2209 192 2237 tract.
215 2201 258 2236 de
285 2202 362 2236 Iure
389 2211 424 2236 et
452 2203 583 2237 virtute
613 2202 697 2237 lust.
728 2213 760 2248 q.
792 2201 820 2236 I.
851 2213 881 2237 a.
915 2213 943 2237 1.
969 2222 1008 2227 ——
1030 2203 1139 2236 Actio
1170 2201 1272 2236 realis
1299 2213 1360 2236 scu
1389 2202 1424 2236 in
1444 2213 1520 2236 rem

88 2271 123 2296 et
140 2259 235 2295 actio
250 2261 441 2307 personalis
468 2272 529 2295 seu
551 2263 586 2295 in
607 2273 800 2307 personam
822 2266 908 2295 sunt
928 2262 1021 2296 duae
1040 2263 1176 2308 species
1195 2263 1350 2297 actionis
1379 2260 1521 2296 iudicia-

87 2320 141 2354 lis.
162 2321 270 2354 Actio
291 2320 393 2355 realis
419 2320 531 2363 datur,
551 2321 703 2367 ,quando
730 2321 808 2367 quis
827 2330 975 2367 propter
994 2322 1046 2355 ius
1066 2321 1100 2354 in
1132 2332 1167 2355 re
1193 2330 1308 2367 potest
1327 2322 1361 2355 in
1386 2320 1518 2354 iudicio

88 2381 232 2427 exigere
256 2381 467 2416 immediate
492 2382 608 2428 ipsam
635 2392 711 2416 rem
738 2381 805 2415 sibi
837 2381 1050 2428 obligatam,
1078 2392 1190 2428 eaque
1231 2381 1401 2428 appellari
1429 2380 1525 2415 solet

84 2429 274 2475 vindicatio
299 2440 362 2474 rei.
392 2441 498 2476 Actio
525 2451 612 2476 vero
639 2440 837 2487 personalis
864 2441 978 2480 datur,
1010 2441 1152 2487 quando
1181 2444 1258 2488 quis
1288 2450 1437 2487 propter
1466 2440 1524 2474 ius

85 2498 207 2534 solum
233 2499 280 2535 ad
303 2511 376 2534 rem
403 2509 526 2547 potest
550 2501 587 2535 in
616 2501 747 2535 iudicio
776 2511 882 2547 agere
909 2501 946 2535 in
973 2512 1167 2547 personam
1196 2501 1266 2536 sibi
1304 2512 1346 2534 et<
1381 2500 1522 2546 aliquo,

86 2561 147 2606 qui
174 2562 382 2606 praecessit,
411 2569 600 2596 contractu
627 2560 684 2595 vel
711 2560 843 2596 delicto
870 2560 1083 2608 obligatam.

1384 2619 1401 2653 3
