1737 2802
1486 14 1491 18 ·
1511 0 1687 68 *a
1704 62 1721 69 ,,

197 260 301 288 rem.
337 269 392 276 —
427 244 624 286 Iamvero
659 242 855 286 illicitum
890 255 953 286 est
981 242 1086 286 velie
1109 255 1151 286 et
1175 256 1374 286 exercere
1397 240 1634 284 vindictam·

191 317 420 376 privatam.
455 313 655 357 sslicitum
691 328 865 372 quoque
899 325 962 356 est
996 312 1100 356 velle
1133 312 1367 356 vindictam
1392 310 1629 369 publicam,

192 385 366 429 sistendo
413 385 693 442 principaliter
738 386 778 427 in
833 385 939 427 malo
979 385 1137 443 physico
1187 384 1366 428 laesoris:
1415 383 1532 441 quia,
1582 394 1631 426 ut

192 472 227 501 s.
263 456 462 501 Thomas
497 458 552 499 ait
583 455 670 515 (1),
709 455 946 499 «delectari
981 457 1022 498 in
1057 455 1172 499 malo
1216 455 1384 498 alterius
1443 454 1629 512 pertinet

196 528 248 573 ad
281 527 445 580 odium,
481 527 598 586 quod
632 529 792 570 caritati
826 535 1052 584 repugnat,
1085 543 1166 585 qua
1225 541 1377 570 omnes
1428 524 1629 569 homines

197 599 406 644 debemus
440 599 671 656 diligere.»
712 601 767 643 At
802 598 996 642 illicitum
1031 615 1120 642 non
1154 610 1218 642 est
1249 597 1355 641 velle
1388 596 1624 642 vindictam

198 670 410 729 publicam
446 671 631 728 (utique,
656 671 835 713 iniuriae
869 682 909 712 et
933 670 1099 712 crimini
1127 670 1530 727 proportionatam),
1547 666 1624 712 bo-

195 755 318 797 num,
351 740 472 798 quod
508 756 580 798 per
614 740 820 783 damnum
855 739 1007 783 laesori
1044 739 1207 782 illatum
1243 738 1624 795 obtinetur‚·tam-

194 828 322 871 quam
339 811 466 855 finem
487 812 764 856 intendendo,
779 832 835 845 *-
850 816 995 870 Itaque
1013 811 1105 854 loca
1120 827 1151 855 s.
1171 810 1507 873 Scripturae(2),
1520 826 1628 870 quae

170 1140 172 1143 .
292 1095 345 1140 (1)
373 1096 411 1129 In
440 1105 472 1130 2.
500 1106 531 1130 2.
559 1107 591 1140 q.
624 1095 701 1130 108.
730 1107 760 1130 a.
793 1106 820 1130 1.
860 1096 954 1131 Vide
996 1107 1148 1142 respons
1203 1097 1245 1131 ad
1272 1102 1329 1138 4¹¹¹.
1352 1123 1361 1138 ,
1388 1095 1447 1131 ubi
1474 1095 1627 1143 duplicis

195 1156 337 1202 generis
366 1156 512 1190 iniurias
539 1157 590 1190 sic
618 1155 818 1202 dis-turguit:
848 1157 1033 1198 «Iniuria,
1062 1168 1152 1203 quae
1179 1156 1330 1197 insertur
1361 1167 1537 1203 personae
1555 1157 1625 1192 ali-

193 1214 264 1257 cui,
290 1215 505 1261 quandoque
523 1215 644 1249 -reduu
663 1218 708 1250 iat
738 1215 773 1249 in
804 1216 923 1250 Deum
952 1225 983 1250 et
1012 1217 1047 1250 in
1078 1217 1289 1262 Ecclesiam:
1320 1228 1353 1254 et
1385 1226 1472 1254 tunc
1518 1216 1625 1256 debet

194 1274 320 1321 aliquis
340 1275 521 1320 propriam
543 1275 710 1309 iniuriam
727 1275 930 1321 ulcisci.(1d
949 1287 1069 1312 autem
1089 1277 1248 1312 ostendit
1262 1277 1436 1324 exemplis
1462 1276 1626 1312 adductis

193 1335 305 1376 Euae,
338 1335 459 1376 Elisei,
490 1336 629 1371 Siiverii
653 1336 797 1382 Papre).
815 1337 1032 1384 Inquantum
1045 1349 1131 1372 vero
1149 1338 1275 1372 iniuria
1295 1338 1329 1372 in
1348 1337 1504 1386 aliquem
1525 1337 1625 1373 illata

197 1394 332 1429 adeius
358 1406 549 1440 personam
579 1396 746 1441 pertinet,
775 1396 880 1431 debet
909 1408 990 1431 eam
1019 1397 1169 1431 tolerare
1205 1399 1391 1443 patienter,
1410 1398 1440 1432 si
1455 1397 1623 1444 expediat.

194 1454 410 1489 Huiusmodi
438 1457 533 1490 enim
563 1465 750 1502 praecepta
794 1457 990 1502 patientiae
1029 1457 1265 1504 intelligenda
1303 1467 1385 1492 sunt
1425 1458 1625 1493 secundum

195 1516 510 1560 praeparationem
539 1515 662 1557 animi,
691 1525 728 1550 ut
754 1517 978 1562 Augustinus
1006 1517 1090 1552 dicit
1118 1519 1152 1551 in
1180 1517 1240 1552 lib.
1268 1518 1292 1551 I.
1322 1517 1365 1553 de
1400 1507 1507 1552 serm}
1541 1518 1640 1554 Do-·

195 1574 283 1608 mini
311 1574 344 1607 in
372 1584 497 1608 monte
537 1587 612 1620 cap.
648 1586 699 1621 19.
731 1585 765 1610 et
786 1586 859 1622 seq.
878 1588 900 1609 »
922 1576 1099 1611 Tolerare
1118 1577 1263 1624 quidem
1281 1577 1459 1622 patienter
1477 1577 1626 1612 iniurias

193 1634 378 1668 debemus:
410 1634 470 1668 sed
499 1634 696 1669 vindictam
724 1647 798 1669 non
828 1645 1008 1681 expetere.
1037 1636 1107 1670 hoc
1136 1636 1354 1683 quandoque
1381 1647 1453 1671 non
1485 1637 1625 1684 expedit

194 1693 269 1727 sive
303 1693 345 1727 ad
384 1694 653 1729 immunitatem
689 1695 764 1729 eius
799 1697 858 1742 qui
895 1696 1055 1738 laeditur,
1085 1697 1158 1730 sive
1186 1696 1231 1730 ad
1258 1696 1521 1732 cohibitionem
1551 1697 1625 1732 lae-

192 1753 322 1792 dentis,
364 1753 436 1788 sive
466 1754 509 1787 ad
536 1765 772 1789 communem
800 1756 1041 1791 securitatem.

287 1812 341 1856 (2)
368 1814 465 1847 Hiec
492 1814 572 1848 loca
599 1824 680 1848 sunt
708 1815 899 1860 praecipue
925 1816 998 1857 illa,
1027 1827 1115 1862 quae
1147 1825 1287 1851 exstant
1314 1816 1351 1851 in
1370 1827 1427 1862 ep.
1450 1816 1493 1850 ad
1514 1817 1622 1852 Rom.

195 1882 274 1917 cap.
304 1872 385 1907 XII.
413 1892 456 1898 —
485 1873 524 1907 In
546 1886 577 1908 v,
611 1883 660 1917 17.
690 1874 831 1920 legitur:
861 1874 957 1909 Nulli
985 1875 1113 1909 malum.
1135 1882 1202 1922 pro
1228 1877 1323 1910 malo
1366 1875 1535 1912 reddentes
1573 1888 1621 1912 se.
1675 1886 1679 1891 ·

194 1931 283 1965 sitis.
305 1943 327 1964 «
346 1932 414 1966 Sed
444 1933 525 1975 hoc,
553 1934 600 1968 ita
629 1945 656 1968 s,
686 1934 852 1969 Thomas
880 1936 915 1969 in
944 1944 1144 1970 comment.
1166 1936 1201 1969 in
1226 1936 1346 1982 praed.
1374 1937 1494 1982 epist„
1515 1935 1624 1972 intel-

197 1990 383 2037 ligendum
413 2002 464 2027 est
487 1991 699 2037 fornmlitcr:
734 1993 968 2039 prohibemur
994 1996 1090 2030 enim
1119 1995 1249 2030 affectu
1277 1995 1351 2029 odii
1379 1995 1432 2030 vel
1468 1986 1623 2031 invidiae

195 2050 341 2084 reddere
369 2052 506 2086 malum
535 2064 598 2097 pro
628 2053 735 2095 malo,
764 2053 812 2088 ita
855 2053 961 2100 quod·
991 2055 1023 2088 in
1065 2054 1162 2089 malo
1209 2054 1354 2090 alterius
1393 2054 1623 2096 delectemur.

194 2109 262 2144 Sed
301 2110 328 2143 si
371 2122 433 2156 pro
484 2111 582 2145 malo
623 2111 749 2158 culpae
772 2141 779 2154 ‚
827 2114 922 2159 quod
967 2114 1045 2160 quis
1083 2113 1178 2149 facit.
1221 2114 1344 2149 reddat
1396 2114 1504 2149 iudex
1546 2125 1624 2148 ma-

194 2168 269 2202 lum
314 2181 454 2214 poenae
496 2172 693 2205 secundum
745 2172 918 2206 iustitiam
962 2173 1006 2206 ad
1060 2174 1370 2219 compensandam
1420 2173 1622 2214 malitiam,
1643 2185 1650 2190 ·

194 2229 420 2262 materialitw·
447 2230 591 2274 quidem
639 2230 746 2266 infert
786 2231 934 2274 malum,
974 2231 1035 2266 sed
1072 2231 1278 2277 formaliter
1304 2242 1338 2268 et
1379 2244 1443 2279 per
1483 2243 1521 2268 se
1562 2233 1621 2268 in-

196 2285 261 2321 fert
283 2288 432 2323 bonum.
460 2289 570 2324 Unde
597 2301 680 2324 cum
709 2290 815 2325 iudex
834 2291 1021 2337 suspendit
1039 2291 1217 2327 latronem
1236 2303 1301 2338 pro
1316 2291 1530 2338 homicidio,
1547 2303 1622 2328 non

198 2346 315 2381 reddit
345 2348 480 2382 malum
509 2361 573 2394 pro
602 2349 714 2392 malo,
744 2350 805 2384 sed
832 2351 954 2397 magis
981 2352 1118 2385 bonum
1146 2364 1210 2398 pro
1231 2351 1373 2387 malo».
1395 2351 1499 2386 -In
1518 2361 1620 2398 v.19.

195 2405 340 2452 legitur:
372 2407 446 2440 Non
473 2410 689 2455 vosmetipsos
715 2408 934 2454 defendentes,
963 2411 1140 2454 carissimi,
1167 2410 1221 2446 sed
1245 2410 1322 2446 date
1348 2411 1456 2446 locum
1481 2413 1556 2446 irae
1574 2421 1620 2446 sc.

194 2466 412 2501 committite
439 2479 503 2501 vos
531 2469 665 2503 iudicio
693 2470 775 2513 Dei,
803 2471 861 2516 qui
890 2479 1010 2516 potest
1038 2483 1101 2506 vos
1129 2471 1322 2507 defendere
1350 2480 1385 2507 et
1427 2471 1620 2507 vindicare.

193 2535 214 2557 ‹<
241 2525 311 2559 Sed
339 2526 438 2569 haec,
467 2528 513 2562 ita
542 2539 566 2563 s.
588 2528 750 2563 Thomas
778 2529 799 2564 l.
828 2540 868 2572 e.,
897 2530 1130 2576 intelligenda
1146 2532 1278 2565 suntin
1297 2541 1392 2573 casu,
1411 2530 1446 2565 in
1459 2541 1531 2576 quo
1547 2541 1619 2566 no·

194 2584 248 2617 bis
276 2596 347 2619 nou
376 2586 475 2622 adest
502 2587 650 2622 facultas
677 2589 780 2623 aliter
806 2588 963 2624 faciendi
990 2591 1189 2624 secundum
1217 2590 1403 2626 iustitiam.
1428 2589 1498 2625 Sed
1525 2590 1621 2636 quia,
