1737 2802
751 159 1014 202 ,232-

171 256 399 302 sequenter
424 243 627 300 postponi
653 242 830 286 debeant
864 241 980 285 bono
1004 242 1137 286 totius
1170 244 1244 298 (1).
1273 260 1295 283 »
1330 243 1433 301 Agit
1455 244 1596 302 itaque

171 329 309 375 partes
335 314 556 372 prudentis
581 315 895 357 conservatoris
917 314 1193 373 custodisque
1216 316 1325 359 vitae
1349 331 1472 359 curae
1495 331 1596 360 suae

172 387 455 431 concreditae:
490 401 535 429 ac
570 385 750 443 proinde
774 401 794 428 a
820 385 999 429 domino
1024 387 1138 444 Deo,
1159 388 1232 446 qui
1266 388 1346 432 tale
1369 389 1406 432 ei
1437 404 1596 433 munus

171 459 404 511 commisit,
439 457 675 500 laudabitur
709 470 754 501 ut
786 457 922 501 fidelis
957 475 1002 502 ac
1036 459 1242 517 prudens.

288 537 316 578 ε)
351 531 471 574 Mors
505 529 764 589 quandoque
787 543 850 574 est
885 531 1079 576 medium
1103 531 1154 576 ad
1179 533 1402 577 vitandum
1429 533 1592 578 malum

173 605 348 649 morale.
373 606 488 662 Ergo
512 617 612 647 tunc
654 602 803 645 saltem
844 603 1071 648 suicidium
1108 617 1170 648 est
1202 604 1380 650 licitum.
1407 631 1459 638 —-
1486 607 1594 650 Dist.

171 687 256 722 ant.
290 679 412 722 Mors
446 680 705 738 quandoque
739 692 801 723 est
835 677 1027 721 medium
1069 678 1225 721 licitum
1273 676 1324 721 ad
1370 677 1595 722 vitandum

170 751 332 794 malum
368 752 529 796 morale
572 769 680 809 nego,
713 751 905 796 medium
955 751 1158 804 illicitum,
1192 751 1316 816 παρὰ
1348 748 1423 796 τὸν
1466 749 1594 815 ὀρθὸν

171 821 304 881 λόγων
323 825 394 880 (2),
413 825 532 867 cuius
557 823 654 868 loco
678 824 756 867 alia
781 823 969 867 adhiberi
995 834 1178 880 possunt
1203 839 1248 866 ac
1271 822 1426 867 debent
1450 823 1592 867 media

171 897 357 939 maxime
390 897 502 939 licita
534 909 574 940 et
609 896 760 940 idonea
793 912 896 940 conc.

288 970 344 1012 Ut
377 985 410 1013 s,
435 969 634 1013 Thomas
667 970 721 1025 (3)
755 969 962 1028 loquitur,
1000 968 1144 1012 ‹nulli
1168 968 1266 1012 licet
1297 969 1491 1026 seipsum
1514 984 1592 1012 oc-

170 1041 310 1086 cidere
345 1040 399 1084 ob
432 1041 651 1097 timorem,
686 1056 738 1084 ne
773 1042 1010 1084 consentiat
1042 1042 1085 1084 in
1120 1054 1354 1098 peccatum:
1384 1041 1482 1098 quia
1513 1056 1594 1084 non

167 1123 261 1173 sunt
275 1112 469 1171 facienda
493 1112 605 1155 mala
631 1121 674 1155 ut
697 1114 868 1156 veniant
892 1112 996 1156 bona
1020 1113 1083 1156 vel
1107 1121 1149 1156 ut
1172 1114 1355 1156 vitentur
1388 1111 1498 1156 mala
1522 1116 1593 1171 (4³,

168 1187 420 1244 praesertin]
466 1185 633 1228 minora
682 1198 722 1228 et
756 1186 899 1228 minus
949 1197 1059 1229 certa
1093 1188 1165 1240 (ς’.
1210 1185 1427 1228 Incertum
1477 1183 1594 1227 enim

263 1429 315 1472 (1)
347 1428 442 1461 Haec
471 1439 577 1473 porro
605 1427 804 1473 subiungit:
838 1443 855 1459 «
887 1432 929 1460 xn
959 1439 1045 1463 vero
1072 1441 1146 1464 non
1174 1428 1295 1464 solum
1318 1429 1434 1475 possit,
1453 1427 1515 1463 sed
1534 1426 1594 1461 de-

167 1488 241 1521 beat
268 1488 473 1522 membrum
501 1499 621 1522 secare
650 1487 692 1522 ad
728 1487 1015 1523 conservandam
1055 1489 1180 1533 vitam,
1207 1489 1424 1534 respondeo,
1462 1488 1593 1523 debere

167 1559 246 1582 eam
274 1549 499 1582 curationem
528 1549 748 1594 permittere,
776 1548 920 1595 quando
949 1548 1080 1583 medici
1110 1550 1353 1584 necessarium
1393 1548 1593 1584 indicarent

166 1616 200 1642 et
227 1608 359 1654 absque
386 1609 526 1642 intenso
555 1608 682 1642 dolore
710 1608 785 1642 fieri
812 1618 943 1654 posset.
971 1610 1096 1653 Secus,
1122 1611 1151 1643 si
1192 1609 1424 1644 acerbissimo
1465 1608 1592 1644 dolore

167 1667 278 1702 fieret:
306 1668 386 1714 quia
414 1680 486 1702 non
516 1677 658 1703 tenetur
683 1668 797 1703 homo
838 1668 955 1703 media
992 1669 1271 1704 extraordinaria
1310 1679 1344 1704 et
1378 1668 1593 1704 difficillima

165 1726 333 1761 adhibere
360 1727 402 1760 ad
432 1728 523 1762 vitae
550 1729 882 1771 conservationem,
912 1728 973 1763 sed
1002 1728 1185 1764 ordinaria
1223 1738 1257 1764 et
1283 1740 1356 1764 non
1391 1729 1590 1764 admodum

165 1784 339 1828 difficilia,
359 1799 380 1817 »
406 1796 442 1822 ut
471 1788 593 1822 statim
619 1787 883 1832 explicabimus
911 1788 945 1822 in
974 1788 1126 1823 scholio.

261 1846 318 1889 (2)
346 1845 440 1880 Vide
466 1846 588 1880 locum
616 1847 827 1882 Aristotelis
852 1859 939 1881 mox
965 1847 1024 1882 cit.
1053 1860 1134 1894 pag.
1165 1858 1242 1894 229.

262 1906 314 1950 (3)
341 1905 379 1939 L.
410 1906 469 1941 cit.
498 1906 541 1940 ad
573 1914 614 1951 3¹¹²

257 1965 312 2007 (4)
338 1964 428 1998 Vidu
456 1977 573 2011 super.
597 1966 669 2002 vol.
703 1978 727 2003 1.
754 1966 842 2003 thes.
868 1968 947 2002 XX.
975 1980 1056 2014 pag.
1088 1979 1161 2014 177.

259 2024 312 2067 (ς’)
344 2039 360 2054 «
382 2025 484 2067 QuiS,
512 2026 559 2060 ita
600 2037 625 2062 s.
664 2027 903 2072 Augustinus,
943 2039 1004 2073 op.
1032 2038 1065 2063 et
1094 2028 1115 2064 l.
1144 2029 1202 2065 cit.
1229 2040 1304 2076 cap.
1332 2039 1399 2074 25„
1427 2029 1504 2076 quis
1541 2030 1591 2064 ita

165 2082 328 2127 desipiat,
357 2092 393 2118 ut
420 2083 526 2120 dicat:
547 2085 616 2118 iam
638 2097 732 2120 nunc
751 2097 996 2132 perpetremus
1015 2087 1267 2132 homicidium,
1286 2101 1331 2124 ne
1352 2089 1445 2134 forte
1464 2098 1591 2135 postea

165 2141 364 2176 incidamus
380 2142 413 2176 in
431 2143 668 2179 adulterium?
684 2145 816 2180 Nonne
835 2147 862 2181 si
882 2156 1025 2181 tantum
1045 2147 1254 2182 dominatur
1268 2149 1448 2195 iniquitas,
1464 2157 1501 2184 ut
1516 2160 1590 2184 non

163 2202 383 2244 innocentia,
404 2203 464 2236 sed
495 2204 613 2248 potius
633 2215 778 2250 peccata
808 2206 998 2252 eligantur,
1016 2208 1125 2241 satius
1153 2217 1204 2242 est
1224 2208 1387 2243 incertum
1406 2209 1445 2243 de
1465 2207 1589 2254 futuro
1621 2226 1624 2230 ¹

163 2261 393 2304 adulterium,
414 2274 521 2309 quam
542 2269 669 2297 certum
689 2264 726 2298 ιῖε
743 2267 918 2311 praesenti
945 2266 1215 2301 hochidium?
1242 2267 1377 2302 Nonne
1395 2269 1506 2304 satius
1525 2277 1588 2310 est,

161 2319 338 2367 flagitium
360 2323 604 2364 committere,
625 2324 721 2370 quod
743 2325 967 2370 poenitendo
987 2335 1130 2361 sanetur
1150 2327 1417 2372 (permanendo
1436 2327 1472 2362 in
1489 2327 1590 2373 vita),

162 2392 269 2426 quam
297 2381 369 2415 tale
398 2381 548 2424 facinus,
577 2383 634 2416 ubi
665 2383 765 2418 locus
784 2385 934 2420 salubris
953 2388 1198 2431 poenitentiae
1224 2399 1298 2422 non
1326 2387 1583 2434 relinquitur2»
1619 2386 1624 2390 ”

161 2440 242 2474 Hoc
285 2447 511 2486 postremum
556 2444 664 2477 etiam
693 2455 720 2479 s.
751 2444 926 2488 Thomas,
954 2445 975 2480 l.
1002 2446 1063 2481 cit.
1094 2447 1136 2481 ad
1167 2453 1232 2492 3¹²¹„
1258 2448 1510 2484 animadvertit
1537 2448 1589 2482 in-

161 2500 297 2545 quiens·
330 2516 346 2531 «
366 2501 562 2536 Suicidium
593 2512 645 2538 est
673 2504 1034 2548 periculosissimum,
1061 2508 1143 2553 quia
1177 2518 1253 2542 non
1289 2515 1397 2542 restat
1433 2516 1590 2554 tempus,

158 2567 196 2592 ut
222 2571 282 2604 per
309 2563 529 2606 poenitentia
546 2575 567 2596 n
599 2566 770 2607 expietur.
793 2580 808 2595 »
842 2585 885 2591 —
913 2564 969 2600 Cf.
997 2565 1145 2611 insuper
1182 2578 1235 2611 ea,
1263 2578 1353 2614 quae
1393 2578 1418 2603 s,
1456 2569 1582 2616 Augu-

159 2618 274 2653 stinus
302 2620 426 2655 eadem
456 2622 498 2656 de
526 2633 561 2656 re
589 2622 698 2667 addit,
727 2635 786 2670 op.
817 2634 850 2659 et
877 2624 898 2660 l.
927 2626 985 2660 cit.
1013 2636 1090 2671 cap.
1117 2636 1169 2671 27.
