1737 2802
655 130 918 172 „151-

77 229 280 258 vocamus
314 221 448 256 testem
481 212 712 270 praesentis
747 224 916 254 nostrae
949 211 1198 253 intentionis
1233 226 1306 253 seu
1342 208 1493 253 volun·

78 285 171 328 tatis
204 285 393 328 sincerae
427 282 603 326 faciendi
639 281 695 339 id,
738 282 855 340 quod
900 282 1213 339 promittimus,
1247 293 1287 324 et
1320 282 1495 340 insuper

78 355 327 399 adhibemus
360 354 648 411 fideiiztssorem
681 353 751 412 (1)
784 369 857 396 seu
894 369 1150 411 sponsorem
1199 352 1363 396 futurae
1411 368 1493 396 ex-

78 428 308 471 secutionis
342 428 401 470 rei
440 426 566 483 illius,
614 441 741 482 quam
791 426 1100 483 promittimus,
1150 441 1184 467 e.
1221 440 1260 481 g.
1297 440 1376 467 nos
1425 424 1494 466 tali

79 499 145 543 die
178 499 422 557 depositum
472 514 616 556 reapse
665 498 919 541 reddituros.
957 498 1068 540 Hinc
1119 496 1253 550 vides,
1301 498 1342 538 in
1377 497 1494 538 iura-

78 583 224 614 mento
258 571 542 629 promissorio
572 569 729 612 includi
763 570 1055 622 assertorium‚
1079 584 1125 611 ac
1159 567 1340 625 proinde
1364 584 1494 612 omne

78 641 254 700 quidem
289 641 582 685 iusiurandum
621 642 953 698 promissorium
998 656 1089 683 esse
1126 641 1253 683 etiam
1303 652 1495 684 asserto—

78 714 204 770 rium,
238 729 325 756 non
360 726 500 756 tamen
537 729 558 755 e
593 728 816 756 converso.
852 714 957 755 Item
992 712 1128 764 vides,
1168 711 1286 769 quod
1335 713 1376 754 in
1425 713 1492 755 iu-

77 783 270 827 ramento
305 785 535 827 assertorio
579 783 736 827 nullam
788 783 1050 826 intendimus
1101 782 1222 826 nobis
1271 784 1496 840 imponere

75 871 232 899 novam
282 855 588 912 obligationem
639 872 714 913 pro
764 855 921 907 futuro,
957 855 1031 898 sed
1081 854 1221 897 solum
1272 854 1496 898 conciliare

75 926 204 970 fidem
239 929 304 980 iis,
341 944 447 985 quae
481 927 756 984 affirmatum,
792 940 836 970 ut
869 944 913 971 ea
949 927 1189 970 credantur:
1233 928 1274 969 in
1310 929 1496 986 promis-

76 1000 195 1043 sorio
230 1015 371 1043 autem
410 1000 613 1043 volumus
649 1016 803 1043 novam
853 1017 901 1043 ex
934 1003 1086 1043 virtute
1119 1001 1323 1056 religionis
1371 1017 1497 1045 assu—

76 1088 193 1116 mere
227 1072 535 1131 obligationem
573 1073 622 1116 de
656 1073 944 1130 promissione
979 1072 1120 1115 debito
1165 1085 1360 1131 tempore
1411 1074 1497 1116 im-

76 1144 242 1203 plenda,
278 1157 317 1187 et
351 1145 410 1187 sic
445 1145 612 1202 speciali
661 1144 833 1187 vinculo
878 1159 955 1185 nos
1005 1143 1272 1201 obstringere
1306 1160 1403 1201 erga
1442 1144 1497 1187 il-

75 1217 193 1269 lum,
245 1216 311 1258 cui
361 1215 518 1272 aliquid
569 1216 875 1273 promittimus.
925 1215 1057 1259 Vides
1113 1216 1254 1272 etiam,
1288 1216 1406 1274 quod
1455 1219 1498 1261 in

74 1289 315 1331 iuramento
350 1289 581 1330 assertorio
626 1304 706 1330 una
757 1300 922 1330 tantum
973 1289 1201 1345 requiritur
1248 1292 1417 1347 veritas,
1451 1307 1498 1333 ea

74 1375 230 1417 nempe
255 1375 362 1417 quae
395 1376 593 1418 expresse
627 1359 871 1403 affirmatur.
908 1361 1023 1403 Haec
1057 1361 1091 1402 si
1124 1360 1245 1418 absit,
1279 1360 1418 1419 culpa,
1451 1374 1498 1405 ut

73 1432 214 1475 statim
251 1430 342 1474 fuse
367 1430 692 1489 declarabimus,
716 1433 959 1476 incurritur:
985 1432 1126 1490 idque,
1164 1452 1186 1473 ‹<
1206 1434 1496 1490 quantumvis,

73 1516 120 1547 ut
151 1503 258 1547 bene
291 1505 346 1546 ait
380 1503 586 1548 Solimani
621 1504 707 1563 (2),
739 1506 891 1561 exigua
925 1507 978 1547 sit
1012 1520 1093 1558 res,
1129 1505 1180 1548 de
1219 1522 1300 1564 qua
1340 1507 1494 1563 agitur:

74 1576 172 1632 quia
204 1576 409 1618 nimirum
445 1577 589 1618 omnia
621 1592 719 1619 vera
752 1576 894 1634 quoad
929 1577 1009 1620 Dei
1044 1578 1345 1621 testimonium
1379 1579 1497 1623 eius-

74 1644 172 1689 dem
197 1659 296 1689 sunt
320 1648 546 1690 rationis.»
586 1648 633 1690 In
666 1648 952 1705 promissorio
986 1660 1126 1691 autem
1163 1647 1318 1706 duplex
1350 1650 1498 1707 requi-

73 1717 180 1760 ritur
214 1719 382 1772 veritas,
409 1735 491 1761 una
517 1718 562 1761 dc
593 1720 797 1776 praesenti
820 1721 896 1761 sita
920 1720 958 1761 in
993 1719 1213 1763 voluntate
1237 1720 1498 1778 exsequendi

73 1787 116 1831 id
150 1787 267 1846 quod
301 1789 584 1846 promittitur,
618 1789 744 1832 altera
777 1790 821 1832 de
847 1790 997 1847 futuro
1031 1791 1270 1834 consistens
1304 1792 1345 1833 in
1390 1806 1497 1849 pro-

73 1860 306 1902 missorum
342 1861 632 1904 exsecutione.
667 1863 835 1904 Veritas
859 1861 910 1904 de
935 1863 1145 1918 praesenti
1178 1861 1378 1920 appellari
1413 1879 1497 1920 po-

71 1942 153 1973 test
187 1931 340 1974 veritas
374 1930 483 1975 d1ct1':
519 1933 669 1975 veritas
703 1945 845 1975 autem
882 1932 932 1976 de
966 1932 1113 1976 futuro
1150 1946 1290 1991 potest
1340 1935 1495 1979 veritas

63 2001 174 2058 facti
203 2002 451 2059 nuncupari.
489 2003 549 2045 Ex
584 2017 700 2060 parte
733 2019 834 2046 vero
870 2005 1075 2061 maurim,
1108 2004 1189 2047 hoc
1225 2006 1400 2048 interest
1436 2005 1497 2049 di-

74 2072 255 2115 scrimen
292 2073 399 2115 inter
434 2074 723 2116 iuramentum
761 2077 1036 2118 assertorium
1072 2088 1112 2118 et
1146 2077 1495 2133 promissorium,

75 2142 191 2200 quod
214 2144 367 2200 prioris
388 2146 563 2188 materia
587 2147 670 2188 sint
695 2145 799 2189 facta
813 2149 1035 2204 praeterita
1058 2148 1123 2190 vel
1148 2164 1250 2206 quae
1268 2149 1497 2207 actufiunt,

167 2385 222 2432 (1)
248 2385 468 2422 Fideiiussor
494 2399 555 2422 seu
582 2399 736 2434 sponsor
764 2398 814 2424 est
845 2389 918 2431 ille,
948 2391 1005 2437 qui
1031 2390 1162 2436 aliquid
1191 2402 1256 2436 pro
1297 2389 1368 2425 alio
1408 2402 1496 2436 pro-

73 2445 195 2479 mittit:
225 2455 277 2480 est
303 2445 443 2482 scilicet
482 2458 608 2483 auctor
645 2448 826 2490 credendi,
859 2450 968 2483 alium
997 2449 1128 2496 aliquid
1169 2450 1335 2485 daturum
1381 2449 1496 2484 factu-

71 2516 197 2542 rumve
223 2519 286 2542 sua
312 2507 382 2542 fide
412 2519 548 2556 suoque
577 2510 736 2555 periculo
766 2511 996 2556 promittens.

167 2566 219 2612 (2)
245 2566 338 2601 Phil.
366 2579 456 2602 mor.
486 2580 566 2615 pars
593 2579 664 2604 sec.
691 2580 765 2615 cap.
794 2570 817 2606 I.
846 2580 909 2605 art.
939 2570 980 2605 11.
