1737 2802
1571 26 1579 36 ·’
1603 25 1646 50 ,φῖ-κ’
1663 22 1693 50 fla
1710 39 1730 49 --.

1697 55 1699 62 ,

764 170 816 178 .-
859 159 940 202 194
971 170 1028 178 -

298 241 399 283 Non
436 255 584 283 onmes.
609 265 664 274 —
689 241 799 284 Nam
837 240 1083 298 philosophi
1109 240 1215 300 (hoc
1239 242 1370 284 etiam
1393 241 1605 297 admisso,

183 313 298 371 quod
333 313 489 356 vellent
541 313 788 371 improbum
840 314 952 357 hunc
1001 314 1187 358 laborem
1239 327 1403 359 ceteros
1452 331 1606 360 omnes

182 384 361 428 docendi
397 385 638 443 assumere)
682 401 871 443 quonam
924 399 1047 443 pacto
1082 385 1185 429 alios
1220 387 1458 431 docerent?
1500 388 1604 433 Non

183 458 355 516 quidem
383 457 634 500 affirmando
658 449 882 501 veritatem
907 471 946 501 et
971 457 1066 502 fidei
1091 474 1316 502 assensum
1351 461 1438 502 suis
1463 459 1604 504 verbis

180 546 364 587 suaeque
399 531 639 573 auctoritati
675 530 886 587 exigendo
919 530 1006 589 (1);
1041 530 1115 574 sed
1148 546 1309 588 earum,
1333 547 1438 590 quas
1472 549 1605 576 enun-

182 604 307 653 ciant,
342 602 567 644 veritatum
603 603 787 644 rationes
820 601 1298 660 demonstrationesque
1326 602 1539 653 afferendo
1563 617 1604 648 et

181 672 449 730 explicando,
474 673 603 730 Atqui
640 673 789 715 harum
816 673 878 715 vis
904 672 1322 716 demonstrationum
1349 688 1436 717 non
1461 685 1604 732 potest

180 745 337 802 percipi
373 745 451 786 nisi
487 759 511 786 a
541 745 696 802 paucis:
733 744 903 802 plurimi
940 747 1069 801 enim,
1094 757 1139 788 ut
1173 745 1276 799 dixi,
1311 745 1605 803 impediuntur

176 816 457 874 cortzplexionis
481 816 800 873 indispositions,
827 818 1054 860 nscessitate.
1077 818 1131 859 rei
1154 817 1394 872 familiaris,
1417 818 1602 876 pigritia.

299 889 395 931 Non
411 888 594 945 defucili.
612 913 665 920 -—
678 889 788 930 Nam
807 889 1029 930 veritatum
1047 887 1197 931 harum
1215 887 1603 932 demonstrationes

179 972 272 1003 tum
311 959 543 1016 profundae
567 973 665 1002 sunt
698 973 825 1018 atque
858 960 1053 1017 subtiles,
1076 973 1168 1002 tuin
1194 960 1424 1004 multarum
1460 976 1605 1004 rerum

181 1032 472 1088 cognitionem
509 1033 802 1089 praeexigunt‚
840 1045 934 1074 tum
969 1031 1185 1088 postulant
1218 1032 1349 1074 animi
1383 1048 1404 1075 a
1439 1032 1601 1090 passio-

177 1119 281 1146 num
318 1102 507 1145 motibus
551 1104 758 1160 quietem,
794 1118 922 1160 quam
972 1102 1049 1145 sibi
1101 1117 1349 1161 comparare
1397 1101 1601 1146 omnibus

185 1174 353 1217 difficile
388 1187 466 1226 est,
503 1175 753 1231 praesertim
791 1188 892 1217 vero
926 1172 1164 1217 iuvenibus.

293 1247 394 1289 Non
427 1247 574 1304 absque
607 1245 859 1289 dubitatione
896 1255 929 1289 et
963 1261 1109 1289 errore.
1135 1271 1192 1279 —
1225 1244 1272 1290 Id
1306 1257 1450 1288 autem
1488 1244 1605 1289 hisce

176 1318 453 1376 potissimum
479 1317 530 1360 de
554 1318 704 1361 causis:
729 1318 825 1375 quia
863 1318 941 1375 ipsi
968 1316 1216 1375 philosophi
1241 1332 1337 1360 vera
1361 1315 1602 1360 dubitanter

175 1390 388 1433 traderent
422 1390 507 1448 (2),
541 1390 639 1447 quia
672 1389 782 1432 veris
807 1388 905 1432 falsa
948 1389 1231 1433 admiscerent
1254 1388 1339 1448 (3),
1364 1389 1462 1447 quia
1508 1405 1603 1432 ma-

267 1558 320 1603 (1)
347 1571 364 1589 «
385 1557 440 1591 Ad
460 1568 598 1598 verum,
621 1557 667 1591 ita
694 1555 874 1602 praeclare
895 1555 1114 1598 Lactantius,
1135 1555 1205 1589 div.
1225 1555 1306 1590 inst.
1326 1555 1350 1590 l.
1376 1564 1406 1598 3.
1431 1567 1506 1602 cap.
1527 1548 1598 1600 27¹„

173 1617 378 1664 frequenter
405 1616 579 1652 accedunt
619 1615 882 1662 (Philosophi):
920 1617 980 1650 sed
1019 1615 1108 1649 nihil
1147 1615 1317 1661 ponderis
1357 1616 1491 1652 habent
1533 1618 1600 1652 ista

175 1687 379 1724 praecepta,
410 1688 499 1722 quae
526 1685 608 1710 sunt
635 1676 806 1717 humana,
837 1685 870 1710 et
897 1676 1109 1711 auctoritate
1137 1675 1280 1718 maiori,
1301 1676 1322 1710 i.
1342 1688 1373 1710 e.
1396 1676 1518 1711 divina
1538 1676 1601 1712 illa

173 1747 304 1772 carent.
333 1738 452 1772 Nemo
481 1737 588 1783 igitur
614 1735 730 1778 credit,
761 1737 841 1782 quia
871 1741 942 1769 tun
962 1747 993 1770 se
1017 1736 1184 1770 hominem
1202 1741 1299 1782 pulait
1327 1746 1392 1771 esse
1417 1737 1474 1783 qui
1492 1737 1600 1780 audit,

174 1809 272 1844 quam
300 1804 342 1832 es!
373 1798 427 1831 ille
454 1799 510 1844 qui
530 1798 713 1843 praecipit.
742 1811 762 1830 »
1085 1784 1099 1798 ⁸

268 1860 321 1902 (2)
349 1857 490 1891 Ethnici
518 1856 741 1902 philosophi,
768 1857 878 1890 etiam
917 1842 1228 1902 praestantissimi,
1264 1865 1350 1902 quot
1387 1857 1599 1904 quantisque

177 1919 215 1952 dt·
255 1919 389 1951 aninmo
428 1917 686 1951 immortalitate
729 1916 845 1951 dubiis
884 1917 1162 1961 premebantur!
1193 1937 1236 1943 —
1276 1916 1419 1957 Cicero,
1459 1926 1597 1964 quaest.

172 1979 281 2013 Tusc.
310 1979 330 2012 l.
362 1990 391 2013 1.
421 1991 449 2012 c.
484 1989 544 2020 11.,
571 1978 659 2012 haec
688 1978 808 2012 habet:
841 1993 857 2008 ι(
884 1977 1018 2012 Nescio
1047 1988 1117 2023 quo
1137 1977 1261 2020 modo,
1282 1978 1366 2011 dum
1397 1976 1480 2024 lego
1501 1978 1599 2022 (Pla-

172 2040 269 2074 tonis
297 2039 442 2080 librum,
472 2040 528 2085 qui
557 2049 609 2073 est
637 2039 678 2073 de
719 2039 873 2082 animo)⁷
900 2038 1100 2082 adsentior,
1128 2048 1210 2071 cum
1251 2039 1356 2084 posui
1397 2037 1528 2072 librum
1565 2046 1600 2072 et

172 2111 315 2134 mecum
345 2100 420 2144 {pse
448 2098 490 2131 de
530 2098 806 2132 immortalitate
845 2097 1053 2131 animorum
1094 2097 1199 2142 coepi
1227 2098 1400 2143 cogitare,
1428 2096 1597 2131 adsensio

173 2160 293 2193 omnis
321 2158 379 2192 illa
407 2159 569 2193 elabitur.
590 2171 610 2191 »
624 2178 668 2183 -—-
687 2159 838 2201 Seneca,
867 2158 966 2203 epist.
988 2167 1074 2200 102.5
1102 2158 1293 2199 «iuvabat,
1324 2156 1450 2202 inquit,
1477 2156 1519 2192 de
1535 2168 1598 2192 ae—

170 2221 337 2254 ternitate
365 2220 566 2253 animarum
595 2230 775 2265 quaerere,
804 2219 918 2253 immo
945 2217 1150 2252 mehercule
1190 2217 1349 2252 credere.
1392 2216 1594 2257 Credebam

172 2279 268 2314 enim
298 2279 398 2313 facile
426 2279 655 2324 opinionibus
683 2289 902 2323 magnorum
930 2279 1089 2312 virorum
1117 2285 1192 2312 rem
1229 2278 1473 2322 gratissimam
1493 2276 1594 2324 'pro-

170 2340 374 2372 nauminia
404 2338 519 2383 magis
546 2349 652 2384 quam
677 2338 908 2383 prolvimmtnz.
926 2351 943 2368 »
965 2356 1008 2362 -
1028 2338 1194 2371 Socrates
1221 2336 1312 2382 ipse,
1342 2335 1504 2383 quamvis
1532 2335 1596 2370 do-

173 2400 307 2434 ctrinae
335 2398 376 2431 ὼ
409 2398 679 2432 immortalitate
708 2398 850 2432 animae
879 2397 999 2431 fuisset
1026 2398 1060 2431 in
1089 2397 1159 2431 vita
1185 2408 1247 2431 sua
1274 2397 1449 2438 aidictus,
1470 2405 1593 2431 tamen

171 2462 242 2493 iam
273 2460 343 2493 iam
373 2460 567 2493 moriturus
586 2459 727 2492 videtur
755 2457 796 2492 de
814 2469 855 2492 ea
885 2458 1078 2492 dubitasse.
1099 2459 1157 2493 Ait
1179 2457 1289 2499 enim,
1309 2457 1344 2491 in
1372 2455 1478 2502 Apol.
1500 2455 1593 2490 Plat.

173 2520 206 2552 in
234 2519 317 2552 sine:
345 2530 366 2551 «
394 2517 462 2552 Sed
490 2518 577 2552 hora
606 2527 657 2551 est
677 2517 745 2550 iam
773 2517 856 2550 hinc
883 2518 995 2559 abire,
1016 2528 1074 2551 nte
1102 2527 1139 2551 ut
1167 2517 1314 2559 moriar,
1335 2527 1400 2550 vos
1419 2524 1456 2550 ut
1484 2515 1593 2549 vitam

170 2579 296 2623 agatis:
324 2579 390 2612 utri
418 2590 460 2612 ve
484 2589 505 2611 o
534 2586 697 2611 nostrum
725 2577 760 2610 in
781 2576 908 2610 melius
935 2585 1017 2611 eant
1037 2566 1216 2620 omnibus
1235 2583 1483 2622 praeterquam
1511 2575 1591 2609 Deo

171 2647 225 2673 est
254 2639 443 2672 incertum.
470 2650 491 2671 »

262 2698 315 2743 (3)
345 2698 545 2742 Perpsnje,
571 2696 653 2744 quid
682 2696 811 2731 ethnici
841 2695 1048 2742 philosophi
1077 2695 1279 2731 docuerunt
1305 2706 1336 2730 e.
1363 2706 1397 2742 g.
1439 2694 1477 2728 da
1519 2703 1593 2729 mo-
