<?xml version="1.0" encoding="UTF-8"?>
<!DOCTYPE html PUBLIC "-//W3C//DTD XHTML 1.0 Transitional//EN"
    "http://www.w3.org/TR/xhtml1/DTD/xhtml1-transitional.dtd">
<html xmlns="http://www.w3.org/1999/xhtml" xml:lang="en" lang="en">
 <head>
  <title>
</title>
<meta http-equiv="Content-Type" content="text/html;charset=utf-8" />
  <meta name='ocr-system' content='tesseract 3.04.00' />
  <meta name='ocr-capabilities' content='ocr_page ocr_carea ocr_par ocr_line ocrx_word'/>
</head>
<body>
  <div class='ocr_page' id='page_1' title='image "./institutionesphi02ferr_0031.png"; bbox 0 0 1737 2802; ppageno 0'>
   <div class='ocr_carea' id='block_1_1' title="bbox 687 114 923 156">
    <p class='ocr_par' dir='ltr' id='par_1_1' title="bbox 687 114 923 156">
     <span class='ocr_line' id='line_1_1' title="bbox 687 114 923 156; baseline -0.008 -20"><span class='ocrx_word' id='word_1_1' title='bbox 687 114 923 156; x_wconf 46' lang='grc' dir='ltr'><strong>-ος-</strong></span> 
     </span>
    </p>
   </div>
   <div class='ocr_carea' id='block_1_2' title="bbox 91 193 1534 2175">
    <p class='ocr_par' dir='ltr' id='par_1_2' title="bbox 91 193 1519 541">
     <span class='ocr_line' id='line_1_2' title="bbox 91 193 1515 256; baseline -0.006 -12"><span class='ocrx_word' id='word_1_2' title='bbox 91 199 194 244; x_wconf 90' lang='lat' dir='ltr'><strong>libet</strong></span> <span class='ocrx_word' id='word_1_3' title='bbox 216 199 380 256; x_wconf 85' lang='lat' dir='ltr'><strong>regitur</strong></span> <span class='ocrx_word' id='word_1_4' title='bbox 412 212 500 242; x_wconf 89' lang='lat' dir='ltr'><strong>non</strong></span> <span class='ocrx_word' id='word_1_5' title='bbox 533 196 815 241; x_wconf 87' lang='lat' dir='ltr'>solummodo</span> <span class='ocrx_word' id='word_1_6' title='bbox 849 197 941 239; x_wconf 87' lang='lat' dir='ltr'><strong>iure</strong></span> <span class='ocrx_word' id='word_1_7' title='bbox 968 195 1047 238; x_wconf 86' lang='lat' dir='ltr'>sibi</span> <span class='ocrx_word' id='word_1_8' title='bbox 1071 195 1263 252; x_wconf 86' lang='lat' dir='ltr'><strong>proprio,</strong></span> <span class='ocrx_word' id='word_1_9' title='bbox 1296 193 1371 237; x_wconf 89' lang='lat' dir='ltr'><strong>sed</strong></span> <span class='ocrx_word' id='word_1_10' title='bbox 1389 194 1515 237; x_wconf 87' lang='lat' dir='ltr'><strong>etiam</strong></span> 
     </span>
     <span class='ocr_line' id='line_1_3' title="bbox 97 264 1516 328; baseline -0.006 -12"><span class='ocrx_word' id='word_1_11' title='bbox 97 273 188 316; x_wconf 82' lang='lat' dir='ltr'><strong>iure</strong></span> <span class='ocrx_word' id='word_1_12' title='bbox 210 269 404 324; x_wconf 85' lang='lat' dir='ltr'><strong>naturali,</strong></span> <span class='ocrx_word' id='word_1_13' title='bbox 429 268 547 328; x_wconf 92' lang='lat' dir='ltr'><strong>quod</strong></span> <span class='ocrx_word' id='word_1_14' title='bbox 569 269 688 327; x_wconf 81' lang='lat' dir='ltr'><strong>plura</strong></span> <span class='ocrx_word' id='word_1_15' title='bbox 707 269 949 326; x_wconf 79' lang='lat' dir='ltr'><strong>generatim</strong></span> <span class='ocrx_word' id='word_1_16' title='bbox 983 267 1034 310; x_wconf 92' lang='lat' dir='ltr'><strong>de</strong></span> <span class='ocrx_word' id='word_1_17' title='bbox 1067 268 1270 310; x_wconf 81' lang='lat' dir='ltr'><strong>societate</strong></span> <span class='ocrx_word' id='word_1_18' title='bbox 1292 266 1383 323; x_wconf 89' lang='lat' dir='ltr'><strong>ipsa</strong></span> <span class='ocrx_word' id='word_1_19' title='bbox 1406 264 1516 308; x_wconf 78' lang='lat' dir='ltr'><strong>civili</strong></span> 
     </span>
     <span class='ocr_line' id='line_1_4' title="bbox 96 336 1518 398; baseline -0.005 -12"><span class='ocrx_word' id='word_1_20' title='bbox 96 342 352 386; x_wconf 85' lang='lat' dir='ltr'>determinat</span> <span class='ocrx_word' id='word_1_21' title='bbox 375 356 421 384; x_wconf 87' lang='lat' dir='ltr'><strong>ac</strong></span> <span class='ocrx_word' id='word_1_22' title='bbox 453 341 670 398; x_wconf 78' lang='lat' dir='ltr'><strong>praecipit.</strong></span> <span class='ocrx_word' id='word_1_23' title='bbox 705 341 802 383; x_wconf 92' lang='lat' dir='ltr'><strong>Hoc</strong></span> <span class='ocrx_word' id='word_1_24' title='bbox 827 352 950 397; x_wconf 87' lang='lat' dir='ltr'><strong>pacto</strong></span> <span class='ocrx_word' id='word_1_25' title='bbox 974 340 1040 381; x_wconf 89' lang='lat' dir='ltr'><strong>ius</strong></span> <span class='ocrx_word' id='word_1_26' title='bbox 1063 337 1184 382; x_wconf 81' lang='lat' dir='ltr'><strong>civile</strong></span> <span class='ocrx_word' id='word_1_27' title='bbox 1207 336 1431 395; x_wconf 87' lang='lat' dir='ltr'><strong>aliquando</strong></span> <span class='ocrx_word' id='word_1_28' title='bbox 1456 336 1518 379; x_wconf 90' lang='lat' dir='ltr'><strong>di-</strong></span> 
     </span>
     <span class='ocr_line' id='line_1_5' title="bbox 95 407 1519 468; baseline -0.006 -11"><span class='ocrx_word' id='word_1_29' title='bbox 95 413 255 457; x_wconf 81' lang='lat' dir='ltr'><strong>viditur</strong></span> <span class='ocrx_word' id='word_1_30' title='bbox 288 414 331 455; x_wconf 88' lang='lat' dir='ltr'><strong>in</strong></span> <span class='ocrx_word' id='word_1_31' title='bbox 356 413 431 455; x_wconf 76' lang='lat' dir='ltr'><strong>‘ius</strong></span> <span class='ocrx_word' id='word_1_32' title='bbox 463 412 653 455; x_wconf 87' lang='lat' dir='ltr'><strong>naturale</strong></span> <span class='ocrx_word' id='word_1_33' title='bbox 677 423 717 455; x_wconf 92' lang='lat' dir='ltr'><strong>et</strong></span> <span class='ocrx_word' id='word_1_34' title='bbox 741 412 806 454; x_wconf 90' lang='lat' dir='ltr'><strong>ius</strong></span> <span class='ocrx_word' id='word_1_35' title='bbox 841 411 1091 468; x_wconf 82' lang='lat' dir='ltr'><strong>positivum:</strong></span> <span class='ocrx_word' id='word_1_36' title='bbox 1121 422 1224 451; x_wconf 91' lang='lat' dir='ltr'><strong>tunc</strong></span> <span class='ocrx_word' id='word_1_37' title='bbox 1262 408 1423 451; x_wconf 89' lang='lat' dir='ltr'><strong>scilicet</strong></span> <span class='ocrx_word' id='word_1_38' title='bbox 1454 407 1519 450; x_wconf 90' lang='lat' dir='ltr'><strong>al-</strong></span> 
     </span>
     <span class='ocr_line' id='line_1_6' title="bbox 98 478 1429 541; baseline -0.005 -13"><span class='ocrx_word' id='word_1_39' title='bbox 98 497 209 541; x_wconf 82' lang='lat' dir='ltr'><strong>tero,</strong></span> <span class='ocrx_word' id='word_1_40' title='bbox 242 483 294 527; x_wconf 88' lang='lat' dir='ltr'><strong>de</strong></span> <span class='ocrx_word' id='word_1_41' title='bbox 326 499 414 541; x_wconf 92' lang='lat' dir='ltr'><strong>quo</strong></span> <span class='ocrx_word' id='word_1_42' title='bbox 448 482 656 536; x_wconf 79' lang='lat' dir='ltr'><strong>diximus,</strong></span> <span class='ocrx_word' id='word_1_43' title='bbox 682 482 817 526; x_wconf 90' lang='lat' dir='ltr'><strong>modo</strong></span> <span class='ocrx_word' id='word_1_44' title='bbox 851 483 917 524; x_wconf 90' lang='lat' dir='ltr'><strong>ius</strong></span> <span class='ocrx_word' id='word_1_45' title='bbox 952 481 1073 525; x_wconf 86' lang='lat' dir='ltr'><strong>civile</strong></span> <span class='ocrx_word' id='word_1_46' title='bbox 1105 492 1322 536; x_wconf 84' lang='lat' dir='ltr'><strong>spectatur</strong></span> <span class='ocrx_word' id='word_1_47' title='bbox 1345 478 1429 537; x_wconf 87' lang='lat'>(1).</span> 
     </span>
    </p>

    <p class='ocr_par' dir='ltr' id='par_1_3' title="bbox 97 550 1526 1166">
     <span class='ocr_line' id='line_1_7' title="bbox 214 550 1518 612; baseline -0.005 -14"><span class='ocrx_word' id='word_1_48' title='bbox 214 555 268 599; x_wconf 88' lang='lat' dir='ltr'><strong>II.</strong></span> <span class='ocrx_word' id='word_1_49' title='bbox 305 554 388 598; x_wconf 89' lang='lat' dir='ltr'><strong>Sed</strong></span> <span class='ocrx_word' id='word_1_50' title='bbox 422 555 506 597; x_wconf 86' lang='lat' dir='ltr'><strong>iam</strong></span> <span class='ocrx_word' id='word_1_51' title='bbox 541 553 745 611; x_wconf 81' lang='lat' dir='ltr'><strong>secundo,</strong></span> <span class='ocrx_word' id='word_1_52' title='bbox 770 569 900 612; x_wconf 90' lang='lat' dir='ltr'><strong>quem</strong></span> <span class='ocrx_word' id='word_1_53' title='bbox 934 553 1260 611; x_wconf 79' lang='lat' dir='ltr'><strong>explicavimus,</strong></span> <span class='ocrx_word' id='word_1_54' title='bbox 1284 550 1419 594; x_wconf 90' lang='lat' dir='ltr'><strong>modo</strong></span> <span class='ocrx_word' id='word_1_55' title='bbox 1453 551 1518 592; x_wconf 91' lang='lat' dir='ltr'><strong>ius</strong></span> 
     </span>
     <span class='ocr_line' id='line_1_8' title="bbox 101 622 1520 683; baseline -0.004 -14"><span class='ocrx_word' id='word_1_56' title='bbox 101 624 440 682; x_wconf 83' lang='lat' dir='ltr'><strong>consideremus,</strong></span> <span class='ocrx_word' id='word_1_57' title='bbox 458 641 615 683; x_wconf 87' lang='lat' dir='ltr'><strong>nempe</strong></span> <span class='ocrx_word' id='word_1_58' title='bbox 639 641 716 683; x_wconf 84' lang='lat' dir='ltr'><strong>pro</strong></span> <span class='ocrx_word' id='word_1_59' title='bbox 742 627 861 668; x_wconf 81' lang='lat' dir='ltr'><strong>iusto.</strong></span> <span class='ocrx_word' id='word_1_60' title='bbox 881 626 941 668; x_wconf 88' lang='lat' dir='ltr'><strong>Ut</strong></span> <span class='ocrx_word' id='word_1_61' title='bbox 963 637 1106 668; x_wconf 86' lang='lat' dir='ltr'><strong>autem</strong></span> <span class='ocrx_word' id='word_1_62' title='bbox 1130 624 1232 667; x_wconf 86' lang='lat' dir='ltr'><strong>iuris</strong></span> <span class='ocrx_word' id='word_1_63' title='bbox 1257 624 1316 666; x_wconf 89' lang='lat' dir='ltr'><strong>sic</strong></span> <span class='ocrx_word' id='word_1_64' title='bbox 1340 622 1520 680; x_wconf 87' lang='lat' dir='ltr'><strong>inspecti</strong></span> 
     </span>
     <span class='ocr_line' id='line_1_9' title="bbox 99 693 1521 754; baseline -0.003 -14"><span class='ocrx_word' id='word_1_65' title='bbox 99 696 332 740; x_wconf 81' lang='lat' dir='ltr'><strong>divisiones</strong></span> <span class='ocrx_word' id='word_1_66' title='bbox 366 696 671 754; x_wconf 82' lang='lat' dir='ltr'><strong>intelligantur,</strong></span> <span class='ocrx_word' id='word_1_67' title='bbox 707 696 826 753; x_wconf 87' lang='lat' dir='ltr'><strong>illud,</strong></span> <span class='ocrx_word' id='word_1_68' title='bbox 859 695 976 753; x_wconf 90' lang='lat' dir='ltr'><strong>quod</strong></span> <span class='ocrx_word' id='word_1_69' title='bbox 1001 695 1127 753; x_wconf 89' lang='lat' dir='ltr'><strong>paulo</strong></span> <span class='ocrx_word' id='word_1_70' title='bbox 1176 707 1272 738; x_wconf 87' lang='lat' dir='ltr'><strong>ante</strong></span> <span class='ocrx_word' id='word_1_71' title='bbox 1316 693 1521 749; x_wconf 79' lang='lat' dir='ltr'><strong>diximus,</strong></span> 
     </span>
     <span class='ocr_line' id='line_1_10' title="bbox 97 765 1522 827; baseline -0.004 -15"><span class='ocrx_word' id='word_1_72' title='bbox 97 781 166 827; x_wconf 20' lang='lat' dir='ltr'><strong>est·</strong></span> <span class='ocrx_word' id='word_1_73' title='bbox 196 767 488 821; x_wconf 87' lang='lat' dir='ltr'><strong>recolendum,</strong></span> <span class='ocrx_word' id='word_1_74' title='bbox 522 767 718 811; x_wconf 86' lang='lat' dir='ltr'><strong>videlicet</strong></span> <span class='ocrx_word' id='word_1_75' title='bbox 750 768 828 810; x_wconf 87' lang='lat' dir='ltr'><strong>tria</strong></span> <span class='ocrx_word' id='word_1_76' title='bbox 862 783 954 810; x_wconf 90' lang='lat' dir='ltr'><strong>esse</strong></span> <span class='ocrx_word' id='word_1_77' title='bbox 979 765 1030 809; x_wconf 88' lang='lat' dir='ltr'><strong>de</strong></span> <span class='ocrx_word' id='word_1_78' title='bbox 1053 767 1217 809; x_wconf 89' lang='lat' dir='ltr'><strong>ratione</strong></span> <span class='ocrx_word' id='word_1_79' title='bbox 1241 767 1351 818; x_wconf 76' lang='lat' dir='ltr'><strong>iusti,</strong></span> <span class='ocrx_word' id='word_1_80' title='bbox 1378 765 1522 823; x_wconf 88' lang='lat' dir='ltr'><strong>primo</strong></span> 
     </span>
     <span class='ocr_line' id='line_1_11' title="bbox 98 835 1523 894; baseline -0.003 -12"><span class='ocrx_word' id='word_1_81' title='bbox 98 840 362 893; x_wconf 79' lang='lat' dir='ltr'><strong>alteritatem,</strong></span> <span class='ocrx_word' id='word_1_82' title='bbox 395 838 584 881; x_wconf 88' lang='lat' dir='ltr'><strong>secundo</strong></span> <span class='ocrx_word' id='word_1_83' title='bbox 619 838 809 894; x_wconf 56' lang='lat' dir='ltr'><strong>dabam,</strong></span> <span class='ocrx_word' id='word_1_84' title='bbox 855 838 983 880; x_wconf 88' lang='lat' dir='ltr'><strong>tertio</strong></span> <span class='ocrx_word' id='word_1_85' title='bbox 1032 837 1334 894; x_wconf 71' lang='lat' dir='ltr'><strong>aequalitatem.</strong></span> <span class='ocrx_word' id='word_1_86' title='bbox 1373 852 1395 874; x_wconf 78' lang='grc'><strong>&lt;&lt;</strong></span> <span class='ocrx_word' id='word_1_87' title='bbox 1419 835 1523 878; x_wconf 88' lang='lat' dir='ltr'><strong>Tria</strong></span> 
     </span>
     <span class='ocr_line' id='line_1_12' title="bbox 102 906 1522 968; baseline -0.002 -16"><span class='ocrx_word' id='word_1_88' title='bbox 102 910 394 967; x_wconf 85' lang='lat' dir='ltr'><strong>requiruntur,</strong></span> <span class='ocrx_word' id='word_1_89' title='bbox 428 910 485 952; x_wconf 87' lang='lat' dir='ltr'><strong>ait</strong></span> <span class='ocrx_word' id='word_1_90' title='bbox 518 910 708 953; x_wconf 87' lang='lat' dir='ltr'><strong>Becanus</strong></span> <span class='ocrx_word' id='word_1_91' title='bbox 731 909 816 968; x_wconf 88' lang='lat'>(2):</span> <span class='ocrx_word' id='word_1_92' title='bbox 851 910 1041 967; x_wconf 89' lang='lat' dir='ltr'><strong>primum</strong></span> <span class='ocrx_word' id='word_1_93' title='bbox 1076 920 1122 950; x_wconf 90' lang='lat' dir='ltr'><strong>ut</strong></span> <span class='ocrx_word' id='word_1_94' title='bbox 1156 909 1209 951; x_wconf 88' lang='lat' dir='ltr'><strong>sit</strong></span> <span class='ocrx_word' id='word_1_95' title='bbox 1232 906 1283 950; x_wconf 84' lang='lat' dir='ltr'><strong>ad</strong></span> <span class='ocrx_word' id='word_1_96' title='bbox 1317 906 1522 950; x_wconf 85' lang='lat' dir='ltr'><strong>alterum:</strong></span> 
     </span>
     <span class='ocr_line' id='line_1_13' title="bbox 103 978 1524 1033; baseline -0.002 -10"><span class='ocrx_word' id='word_1_97' title='bbox 103 979 358 1033; x_wconf 87' lang='lat' dir='ltr'><strong>secundum,</strong></span> <span class='ocrx_word' id='word_1_98' title='bbox 393 993 438 1023; x_wconf 89' lang='lat' dir='ltr'><strong>ut</strong></span> <span class='ocrx_word' id='word_1_99' title='bbox 471 980 722 1023; x_wconf 74' lang='lat' dir='ltr'><strong>interveniat</strong></span> <span class='ocrx_word' id='word_1_100' title='bbox 755 981 861 1023; x_wconf 82' lang='lat' dir='ltr'><strong>ratio</strong></span> <span class='ocrx_word' id='word_1_101' title='bbox 895 979 1039 1023; x_wconf 88' lang='lat' dir='ltr'><strong>debiti:</strong></span> <span class='ocrx_word' id='word_1_102' title='bbox 1073 981 1263 1033; x_wconf 85' lang='lat' dir='ltr'><strong>tertium,</strong></span> <span class='ocrx_word' id='word_1_103' title='bbox 1287 991 1334 1022; x_wconf 90' lang='lat' dir='ltr'><strong>ut</strong></span> <span class='ocrx_word' id='word_1_104' title='bbox 1367 978 1524 1022; x_wconf 90' lang='lat' dir='ltr'><strong>consti-</strong></span> 
     </span>
     <span class='ocr_line' id='line_1_14' title="bbox 101 1049 1526 1108; baseline -0.002 -15"><span class='ocrx_word' id='word_1_105' title='bbox 101 1062 247 1094; x_wconf 85' lang='lat' dir='ltr'><strong>tuatur</strong></span> <span class='ocrx_word' id='word_1_106' title='bbox 280 1049 569 1108; x_wconf 78' lang='lat' dir='ltr'><strong>aequalitas».</strong></span> <span class='ocrx_word' id='word_1_107' title='bbox 605 1050 777 1103; x_wconf 79' lang='lat' dir='ltr'><strong>Quibus</strong></span> <span class='ocrx_word' id='word_1_108' title='bbox 827 1052 993 1108; x_wconf 85' lang='lat' dir='ltr'><strong>positis,</strong></span> <span class='ocrx_word' id='word_1_109' title='bbox 1027 1065 1078 1094; x_wconf 89' lang='lat' dir='ltr'><strong>en</strong></span> <span class='ocrx_word' id='word_1_110' title='bbox 1126 1052 1376 1108; x_wconf 77' lang='lat' dir='ltr'><strong>praecipuae</strong></span> <span class='ocrx_word' id='word_1_111' title='bbox 1425 1049 1526 1092; x_wconf 73' lang='lat' dir='ltr'><strong>insti</strong></span> 
     </span>
     <span class='ocr_line' id='line_1_15' title="bbox 102 1121 353 1166; baseline 0.004 -1"><span class='ocrx_word' id='word_1_112' title='bbox 102 1121 353 1166; x_wconf 81' lang='lat' dir='ltr'><strong>divisiones.</strong></span> 
     </span>
    </p>

    <p class='ocr_par' dir='ltr' id='par_1_4' title="bbox 102 1192 1530 1535">
     <span class='ocr_line' id='line_1_16' title="bbox 223 1192 1526 1251; baseline -0.002 -15"><span class='ocrx_word' id='word_1_113' title='bbox 223 1194 405 1237; x_wconf 68' lang='lat' dir='ltr'><strong>Divisio</strong></span> <span class='ocrx_word' id='word_1_114' title='bbox 423 1194 453 1237; x_wconf 94' lang='grc' dir='ltr'><strong>Ι.</strong></span> <span class='ocrx_word' id='word_1_115' title='bbox 475 1194 644 1236; x_wconf 87' lang='lat' dir='ltr'><strong>Iustum</strong></span> <span class='ocrx_word' id='word_1_116' title='bbox 663 1193 866 1236; x_wconf 85' lang='lat' dir='ltr'><strong>dividitur</strong></span> <span class='ocrx_word' id='word_1_117' title='bbox 885 1192 933 1236; x_wconf 87' lang='lat' dir='ltr'><strong>ab</strong></span> <span class='ocrx_word' id='word_1_118' title='bbox 952 1192 1180 1236; x_wconf 81' lang='lat' dir='ltr'><strong>Aristotele</strong></span> <span class='ocrx_word' id='word_1_119' title='bbox 1204 1193 1276 1251; x_wconf 80' lang='lat'><strong>(3)</strong></span> <span class='ocrx_word' id='word_1_120' title='bbox 1295 1193 1337 1236; x_wconf 90' lang='lat' dir='ltr'><strong>in</strong></span> <span class='ocrx_word' id='word_1_121' title='bbox 1361 1194 1526 1235; x_wconf 85' lang='lat' dir='ltr'><strong>iustum</strong></span> 
     </span>
     <span class='ocr_line' id='line_1_17' title="bbox 102 1262 1530 1323; baseline -0.001 -16"><span class='ocrx_word' id='word_1_122' title='bbox 102 1264 339 1323; x_wconf 76' lang='lat' dir='ltr'><strong>simpliciter</strong></span> <span class='ocrx_word' id='word_1_123' title='bbox 363 1262 513 1316; x_wconf 72' lang='grc' dir='ltr'>ἁπλῶς</span> <span class='ocrx_word' id='word_1_124' title='bbox 547 1262 717 1308; x_wconf 69' lang='grc' dir='ltr'><strong>δίκαιον</strong></span> <span class='ocrx_word' id='word_1_125' title='bbox 743 1277 782 1307; x_wconf 93' lang='lat' dir='ltr'><strong>et</strong></span> <span class='ocrx_word' id='word_1_126' title='bbox 805 1266 848 1307; x_wconf 89' lang='lat' dir='ltr'><strong>in</strong></span> <span class='ocrx_word' id='word_1_127' title='bbox 870 1265 1033 1307; x_wconf 90' lang='lat' dir='ltr'><strong>iustum</strong></span> <span class='ocrx_word' id='word_1_128' title='bbox 1056 1264 1260 1322; x_wconf 61' lang='lat' dir='ltr'><strong>quoddam</strong></span> <span class='ocrx_word' id='word_1_129' title='bbox 1282 1280 1356 1308; x_wconf 93' lang='lat' dir='ltr'><strong>seu</strong></span> <span class='ocrx_word' id='word_1_130' title='bbox 1390 1279 1530 1308; x_wconf 76' lang='lat' dir='ltr'><strong>secun-</strong></span> 
     </span>
     <span class='ocr_line' id='line_1_18' title="bbox 106 1331 1528 1393; baseline -0.001 -16"><span class='ocrx_word' id='word_1_131' title='bbox 106 1334 205 1378; x_wconf 81' lang='lat' dir='ltr'><strong>dum</strong></span> <span class='ocrx_word' id='word_1_132' title='bbox 237 1335 546 1378; x_wconf 66' lang='lat' dir='ltr'><strong>similitudinem</strong></span> <span class='ocrx_word' id='word_1_133' title='bbox 578 1350 617 1377; x_wconf 75' lang='grc' dir='ltr'><strong>τι</strong></span> <span class='ocrx_word' id='word_1_134' title='bbox 652 1332 823 1378; x_wconf 69' lang='grc' dir='ltr'><strong>δίκαιον</strong></span> <span class='ocrx_word' id='word_1_135' title='bbox 858 1331 935 1378; x_wconf 67' lang='grc' dir='ltr'><strong>καὶ</strong></span> <span class='ocrx_word' id='word_1_136' title='bbox 969 1333 1072 1378; x_wconf 62' lang='grc' dir='ltr'><strong>καθ’</strong></span> <span class='ocrx_word' id='word_1_137' title='bbox 1099 1333 1355 1393; x_wconf 53' lang='lat' dir='ltr'><strong>{umbe-mu.</strong></span> <span class='ocrx_word' id='word_1_138' title='bbox 1381 1335 1528 1388; x_wconf 82' lang='lat' dir='ltr'><strong>Quam</strong></span> 
     </span>
     <span class='ocr_line' id='line_1_19' title="bbox 109 1404 1530 1464; baseline 0 -16"><span class='ocrx_word' id='word_1_139' title='bbox 109 1404 305 1449; x_wconf 86' lang='lat' dir='ltr'><strong>eamdem</strong></span> <span class='ocrx_word' id='word_1_140' title='bbox 340 1405 598 1449; x_wconf 76' lang='lat' dir='ltr'><strong>divisionem</strong></span> <span class='ocrx_word' id='word_1_141' title='bbox 633 1421 665 1449; x_wconf 88' lang='lat' dir='ltr'><strong>s.</strong></span> <span class='ocrx_word' id='word_1_142' title='bbox 702 1405 899 1449; x_wconf 78' lang='lat' dir='ltr'><strong>Thomas</strong></span> <span class='ocrx_word' id='word_1_143' title='bbox 934 1405 1005 1464; x_wconf 73' lang='lat'><strong>(4)</strong></span> <span class='ocrx_word' id='word_1_144' title='bbox 1040 1405 1227 1459; x_wconf 79' lang='lat' dir='ltr'><strong>adhibet,</strong></span> <span class='ocrx_word' id='word_1_145' title='bbox 1262 1406 1334 1449; x_wconf 87' lang='lat' dir='ltr'><strong>ubi</strong></span> <span class='ocrx_word' id='word_1_146' title='bbox 1368 1418 1408 1449; x_wconf 89' lang='lat' dir='ltr'><strong>et</strong></span> <span class='ocrx_word' id='word_1_147' title='bbox 1440 1406 1530 1463; x_wconf 91' lang='lat' dir='ltr'><strong>ipse</strong></span> 
     </span>
     <span class='ocr_line' id='line_1_20' title="bbox 106 1477 1526 1535; baseline 0 -15"><span class='ocrx_word' id='word_1_148' title='bbox 106 1477 336 1535; x_wconf 88' lang='lat' dir='ltr'><strong>distinguit</strong></span> <span class='ocrx_word' id='word_1_149' title='bbox 369 1479 480 1521; x_wconf 92' lang='lat' dir='ltr'><strong>inter</strong></span> <span class='ocrx_word' id='word_1_150' title='bbox 514 1477 767 1535; x_wconf 88' lang='lat' dir='ltr'><strong>simpliciter</strong></span> <span class='ocrx_word' id='word_1_151' title='bbox 800 1479 963 1521; x_wconf 92' lang='lat' dir='ltr'><strong>iustum</strong></span> <span class='ocrx_word' id='word_1_152' title='bbox 998 1490 1038 1521; x_wconf 91' lang='lat' dir='ltr'><strong>et</strong></span> <span class='ocrx_word' id='word_1_153' title='bbox 1082 1477 1303 1535; x_wconf 85' lang='lat' dir='ltr'><strong>quoddam</strong></span> <span class='ocrx_word' id='word_1_154' title='bbox 1350 1479 1526 1520; x_wconf 80' lang='lat' dir='ltr'><strong>iustum.</strong></span> 
     </span>
    </p>

    <p class='ocr_par' dir='ltr' id='par_1_5' title="bbox 104 1547 1534 2175">
     <span class='ocr_line' id='line_1_21' title="bbox 225 1547 1532 1606; baseline 0 -16"><span class='ocrx_word' id='word_1_155' title='bbox 225 1549 297 1591; x_wconf 92' lang='lat' dir='ltr'><strong>Ius</strong></span> <span class='ocrx_word' id='word_1_156' title='bbox 330 1563 403 1591; x_wconf 89' lang='lat' dir='ltr'><strong>seu</strong></span> <span class='ocrx_word' id='word_1_157' title='bbox 438 1549 601 1591; x_wconf 88' lang='lat' dir='ltr'><strong>iustum</strong></span> <span class='ocrx_word' id='word_1_158' title='bbox 636 1547 887 1606; x_wconf 81' lang='lat' dir='ltr'><strong>simpliciter</strong></span> <span class='ocrx_word' id='word_1_159' title='bbox 919 1549 1089 1600; x_wconf 72' lang='lat' dir='ltr'><strong>estius,</strong></span> <span class='ocrx_word' id='word_1_160' title='bbox 1115 1560 1161 1591; x_wconf 90' lang='lat' dir='ltr'><strong>ut</strong></span> <span class='ocrx_word' id='word_1_161' title='bbox 1184 1547 1252 1590; x_wconf 89' lang='lat' dir='ltr'><strong>alii</strong></span> <span class='ocrx_word' id='word_1_162' title='bbox 1275 1547 1532 1606; x_wconf 83' lang='lat' dir='ltr'><strong>loquuntur,</strong></span> 
     </span>
     <span class='ocr_line' id='line_1_22' title="bbox 104 1617 1532 1678; baseline -0.001 -16"><span class='ocrx_word' id='word_1_163' title='bbox 104 1619 340 1678; x_wconf 55' lang='lat' dir='ltr'><strong>pausatum,</strong></span> <span class='ocrx_word' id='word_1_164' title='bbox 375 1620 440 1662; x_wconf 88' lang='lat' dir='ltr'><strong>cui</strong></span> <span class='ocrx_word' id='word_1_165' title='bbox 489 1619 647 1662; x_wconf 84' lang='lat' dir='ltr'><strong>scilicet</strong></span> <span class='ocrx_word' id='word_1_166' title='bbox 689 1618 795 1661; x_wconf 86' lang='lat' dir='ltr'><strong>nihil</strong></span> <span class='ocrx_word' id='word_1_167' title='bbox 829 1618 946 1662; x_wconf 92' lang='lat' dir='ltr'><strong>deest</strong></span> <span class='ocrx_word' id='word_1_168' title='bbox 981 1635 1031 1662; x_wconf 80' lang='lat' dir='ltr'><strong>ex</strong></span> <span class='ocrx_word' id='word_1_169' title='bbox 1078 1620 1147 1671; x_wconf 89' lang='lat' dir='ltr'><strong>iis,</strong></span> <span class='ocrx_word' id='word_1_170' title='bbox 1183 1634 1289 1677; x_wconf 89' lang='lat' dir='ltr'><strong>quae</strong></span> <span class='ocrx_word' id='word_1_171' title='bbox 1339 1630 1439 1661; x_wconf 88' lang='lat' dir='ltr'><strong>sunt</strong></span> <span class='ocrx_word' id='word_1_172' title='bbox 1481 1617 1532 1661; x_wconf 92' lang='lat' dir='ltr'><strong>de</strong></span> 
     </span>
     <span class='ocr_line' id='line_1_23' title="bbox 111 1689 1531 1747; baseline -0.001 -15"><span class='ocrx_word' id='word_1_173' title='bbox 111 1691 274 1733; x_wconf 85' lang='lat' dir='ltr'><strong>ratione</strong></span> <span class='ocrx_word' id='word_1_174' title='bbox 298 1690 410 1733; x_wconf 89' lang='lat' dir='ltr'><strong>iusti:</strong></span> <span class='ocrx_word' id='word_1_175' title='bbox 435 1689 671 1747; x_wconf 86' lang='lat' dir='ltr'><strong>perfectum</strong></span> <span class='ocrx_word' id='word_1_176' title='bbox 695 1691 812 1732; x_wconf 87' lang='lat' dir='ltr'><strong>enim</strong></span> <span class='ocrx_word' id='word_1_177' title='bbox 836 1702 898 1733; x_wconf 89' lang='lat' dir='ltr'><strong>est</strong></span> <span class='ocrx_word' id='word_1_178' title='bbox 922 1689 979 1746; x_wconf 83' lang='lat' dir='ltr'><strong>id,</strong></span> <span class='ocrx_word' id='word_1_179' title='bbox 1005 1691 1069 1733; x_wconf 90' lang='lat' dir='ltr'><strong>cui</strong></span> <span class='ocrx_word' id='word_1_180' title='bbox 1094 1689 1199 1732; x_wconf 87' lang='lat' dir='ltr'><strong>nihil</strong></span> <span class='ocrx_word' id='word_1_181' title='bbox 1223 1689 1340 1733; x_wconf 91' lang='lat' dir='ltr'><strong>deest</strong></span> <span class='ocrx_word' id='word_1_182' title='bbox 1364 1704 1531 1742; x_wconf 84' lang='lat' dir='ltr'><strong>eorum,</strong></span> 
     </span>
     <span class='ocr_line' id='line_1_24' title="bbox 110 1760 1532 1819; baseline -0.002 -15"><span class='ocrx_word' id='word_1_183' title='bbox 110 1777 219 1819; x_wconf 90' lang='lat' dir='ltr'><strong>quae</strong></span> <span class='ocrx_word' id='word_1_184' title='bbox 236 1761 286 1804; x_wconf 88' lang='lat' dir='ltr'><strong>ad</strong></span> <span class='ocrx_word' id='word_1_185' title='bbox 311 1762 452 1818; x_wconf 86' lang='lat' dir='ltr'><strong>ipsum</strong></span> <span class='ocrx_word' id='word_1_186' title='bbox 475 1774 678 1819; x_wconf 87' lang='lat' dir='ltr'><strong>spectant.</strong></span> <span class='ocrx_word' id='word_1_187' title='bbox 704 1762 836 1819; x_wconf 86' lang='lat' dir='ltr'><strong>Atqui</strong></span> <span class='ocrx_word' id='word_1_188' title='bbox 862 1777 921 1815; x_wconf 87' lang='lat' dir='ltr'><strong>ea,</strong></span> <span class='ocrx_word' id='word_1_189' title='bbox 946 1777 1053 1819; x_wconf 87' lang='lat' dir='ltr'><strong>quae</strong></span> <span class='ocrx_word' id='word_1_190' title='bbox 1072 1774 1263 1819; x_wconf 87' lang='lat' dir='ltr'><strong>spectant</strong></span> <span class='ocrx_word' id='word_1_191' title='bbox 1283 1760 1333 1804; x_wconf 90' lang='lat' dir='ltr'><strong>ad</strong></span> <span class='ocrx_word' id='word_1_192' title='bbox 1352 1761 1532 1813; x_wconf 80' lang='lat' dir='ltr'><strong>iustum,</strong></span> 
     </span>
     <span class='ocr_line' id='line_1_25' title="bbox 110 1831 1534 1890; baseline 0 -16"><span class='ocrx_word' id='word_1_193' title='bbox 110 1844 212 1874; x_wconf 85' lang='lat' dir='ltr'><strong>sunt</strong></span> <span class='ocrx_word' id='word_1_194' title='bbox 234 1832 314 1874; x_wconf 84' lang='lat' dir='ltr'><strong>tria</strong></span> <span class='ocrx_word' id='word_1_195' title='bbox 335 1831 419 1889; x_wconf 87' lang='lat' dir='ltr'><strong>illa,</strong></span> <span class='ocrx_word' id='word_1_196' title='bbox 434 1831 626 1888; x_wconf 77' lang='lat' dir='ltr'><strong>alteritas,</strong></span> <span class='ocrx_word' id='word_1_197' title='bbox 644 1831 836 1888; x_wconf 63' lang='lat' dir='ltr'><strong>debitam,</strong></span> <span class='ocrx_word' id='word_1_198' title='bbox 855 1832 1097 1890; x_wconf 69' lang='lat' dir='ltr'><strong>aequalitas.</strong></span> <span class='ocrx_word' id='word_1_199' title='bbox 1113 1833 1228 1889; x_wconf 81' lang='lat' dir='ltr'><strong>Ergo</strong></span> <span class='ocrx_word' id='word_1_200' title='bbox 1247 1833 1410 1875; x_wconf 86' lang='lat' dir='ltr'><strong>iustum</strong></span> <span class='ocrx_word' id='word_1_201' title='bbox 1431 1832 1534 1874; x_wconf 89' lang='lat' dir='ltr'><strong>sim-</strong></span> 
     </span>
     <span class='ocr_line' id='line_1_26' title="bbox 114 1903 1531 1962; baseline 0 -16"><span class='ocrx_word' id='word_1_202' title='bbox 114 1903 278 1962; x_wconf 89' lang='lat' dir='ltr'><strong>pliciter</strong></span> <span class='ocrx_word' id='word_1_203' title='bbox 309 1916 372 1947; x_wconf 89' lang='lat' dir='ltr'><strong>est</strong></span> <span class='ocrx_word' id='word_1_204' title='bbox 404 1903 521 1956; x_wconf 86' lang='lat' dir='ltr'><strong>illud,</strong></span> <span class='ocrx_word' id='word_1_205' title='bbox 542 1903 592 1947; x_wconf 91' lang='lat' dir='ltr'><strong>de</strong></span> <span class='ocrx_word' id='word_1_206' title='bbox 625 1919 711 1961; x_wconf 92' lang='lat' dir='ltr'><strong>quo</strong></span> <span class='ocrx_word' id='word_1_207' title='bbox 744 1916 830 1947; x_wconf 87' lang='lat' dir='ltr'><strong>tres</strong></span> <span class='ocrx_word' id='word_1_208' title='bbox 865 1903 956 1947; x_wconf 88' lang='lat' dir='ltr'><strong>illae</strong></span> <span class='ocrx_word' id='word_1_209' title='bbox 991 1904 1262 1947; x_wconf 85' lang='lat' dir='ltr'><strong>conditiones</strong></span> <span class='ocrx_word' id='word_1_210' title='bbox 1296 1903 1419 1961; x_wconf 90' lang='lat' dir='ltr'><strong>plene</strong></span> <span class='ocrx_word' id='word_1_211' title='bbox 1453 1919 1531 1946; x_wconf 82' lang='lat' dir='ltr'><strong>ve-</strong></span> 
     </span>
     <span class='ocr_line' id='line_1_27' title="bbox 113 1974 1533 2033; baseline -0.001 -15"><span class='ocrx_word' id='word_1_212' title='bbox 113 1974 356 2019; x_wconf 87' lang='lat' dir='ltr'><strong>rificantur:</strong></span> <span class='ocrx_word' id='word_1_213' title='bbox 392 1976 457 2018; x_wconf 91' lang='lat' dir='ltr'><strong>ius</strong></span> <span class='ocrx_word' id='word_1_214' title='bbox 491 1990 594 2019; x_wconf 83' lang='lat' dir='ltr'><strong>vero</strong></span> <span class='ocrx_word' id='word_1_215' title='bbox 628 1975 749 2029; x_wconf 82' lang='lat' dir='ltr'><strong>illud,</strong></span> <span class='ocrx_word' id='word_1_216' title='bbox 785 1976 852 2018; x_wconf 91' lang='lat' dir='ltr'><strong>cui</strong></span> <span class='ocrx_word' id='word_1_217' title='bbox 876 1975 1015 2033; x_wconf 84' lang='lat' dir='ltr'><strong>aliqua</strong></span> <span class='ocrx_word' id='word_1_218' title='bbox 1038 1992 1087 2018; x_wconf 82' lang='lat' dir='ltr'><strong>ex</strong></span> <span class='ocrx_word' id='word_1_219' title='bbox 1110 1975 1190 2018; x_wconf 85' lang='lat' dir='ltr'><strong>illis</strong></span> <span class='ocrx_word' id='word_1_220' title='bbox 1216 1974 1533 2019; x_wconf 83' lang='lat' dir='ltr'><strong>conditionibus</strong></span> 
     </span>
     <span class='ocr_line' id='line_1_28' title="bbox 113 2045 1534 2104; baseline -0.001 -14"><span class='ocrx_word' id='word_1_221' title='bbox 113 2046 238 2099; x_wconf 87' lang='lat' dir='ltr'><strong>desit,</strong></span> <span class='ocrx_word' id='word_1_222' title='bbox 271 2045 425 2090; x_wconf 89' lang='lat' dir='ltr'><strong>dicitur</strong></span> <span class='ocrx_word' id='word_1_223' title='bbox 459 2047 622 2090; x_wconf 89' lang='lat' dir='ltr'><strong>iustum</strong></span> <span class='ocrx_word' id='word_1_224' title='bbox 657 2045 894 2090; x_wconf 74' lang='lat' dir='ltr'><strong>secundum</strong></span> <span class='ocrx_word' id='word_1_225' title='bbox 931 2046 1032 2104; x_wconf 87' lang='lat' dir='ltr'><strong>quid</strong></span> <span class='ocrx_word' id='word_1_226' title='bbox 1081 2062 1154 2089; x_wconf 85' lang='lat' dir='ltr'><strong>seu</strong></span> <span class='ocrx_word' id='word_1_227' title='bbox 1190 2046 1429 2089; x_wconf 87' lang='lat' dir='ltr'><strong>secundum</strong></span> <span class='ocrx_word' id='word_1_228' title='bbox 1468 2047 1534 2088; x_wconf 87' lang='lat' dir='ltr'><strong>si-</strong></span> 
     </span>
     <span class='ocr_line' id='line_1_29' title="bbox 115 2116 1285 2175; baseline 0 -15"><span class='ocrx_word' id='word_1_229' title='bbox 115 2116 405 2160; x_wconf 84' lang='lat' dir='ltr'><strong>militudinem</strong></span> <span class='ocrx_word' id='word_1_230' title='bbox 439 2117 505 2161; x_wconf 75' lang='lat' dir='ltr'><strong>vel</strong></span> <span class='ocrx_word' id='word_1_231' title='bbox 538 2118 666 2161; x_wconf 88' lang='lat' dir='ltr'><strong>etiam</strong></span> <span class='ocrx_word' id='word_1_232' title='bbox 700 2118 764 2160; x_wconf 92' lang='lat' dir='ltr'><strong>ius</strong></span> <span class='ocrx_word' id='word_1_233' title='bbox 798 2129 975 2159; x_wconf 73' lang='lat' dir='ltr'><strong>vocatur</strong></span> <span class='ocrx_word' id='word_1_234' title='bbox 998 2116 1285 2175; x_wconf 69' lang='lat' dir='ltr'><strong>imperfectum.</strong></span> 
     </span>
    </p>
   </div>
   <div class='ocr_carea' id='block_1_3' title="bbox 213 2369 1087 2417">
    <p class='ocr_par' dir='ltr' id='par_1_6' title="bbox 213 2369 1087 2417">
     <span class='ocr_line' id='line_1_30' title="bbox 213 2369 1087 2417; baseline -0.001 -13"><span class='ocrx_word' id='word_1_235' title='bbox 213 2370 270 2414; x_wconf 89' lang='lat'><strong>(1)</strong></span> <span class='ocrx_word' id='word_1_236' title='bbox 298 2369 352 2405; x_wconf 91' lang='lat' dir='ltr'><strong>Cf.</strong></span> <span class='ocrx_word' id='word_1_237' title='bbox 380 2370 573 2413; x_wconf 65' lang='lat' dir='ltr'><strong>Bemnum,</strong></span> <span class='ocrx_word' id='word_1_238' title='bbox 600 2370 622 2405; x_wconf 84' lang='lat' dir='ltr'><strong>l.</strong></span> <span class='ocrx_word' id='word_1_239' title='bbox 651 2381 680 2404; x_wconf 93' lang='lat' dir='ltr'><strong>c.</strong></span> <span class='ocrx_word' id='word_1_240' title='bbox 707 2381 785 2416; x_wconf 81' lang='lat' dir='ltr'><strong>cap.</strong></span> <span class='ocrx_word' id='word_1_241' title='bbox 813 2370 837 2403; x_wconf 88' lang='grc' dir='ltr'><strong>Ι.</strong></span> <span class='ocrx_word' id='word_1_242' title='bbox 865 2379 998 2417; x_wconf 80' lang='lat' dir='ltr'><strong>quaest.</strong></span> <span class='ocrx_word' id='word_1_243' title='bbox 1026 2369 1087 2404; x_wconf 88' lang='lat' dir='ltr'><strong>III.</strong></span> 
     </span>
    </p>
   </div>
   <div class='ocr_carea' id='block_1_4' title="bbox 211 2429 1217 2532">
    <p class='ocr_par' dir='ltr' id='par_1_7' title="bbox 211 2429 1217 2532">
     <span class='ocr_line' id='line_1_31' title="bbox 213 2429 1217 2475; baseline 0 -12"><span class='ocrx_word' id='word_1_244' title='bbox 213 2429 271 2474; x_wconf 88' lang='lat'><strong>(2)</strong></span> <span class='ocrx_word' id='word_1_245' title='bbox 295 2430 350 2464; x_wconf 91' lang='lat' dir='ltr'><strong>De</strong></span> <span class='ocrx_word' id='word_1_246' title='bbox 377 2430 456 2464; x_wconf 78' lang='lat' dir='ltr'><strong>iust.</strong></span> <span class='ocrx_word' id='word_1_247' title='bbox 484 2438 518 2463; x_wconf 85' lang='lat' dir='ltr'><strong>et</strong></span> <span class='ocrx_word' id='word_1_248' title='bbox 544 2429 618 2464; x_wconf 83' lang='lat' dir='ltr'><strong>iure</strong></span> <span class='ocrx_word' id='word_1_249' title='bbox 645 2440 722 2474; x_wconf 83' lang='lat' dir='ltr'><strong>cap.</strong></span> <span class='ocrx_word' id='word_1_250' title='bbox 750 2429 780 2464; x_wconf 89' lang='grc' dir='ltr'><strong>Ι.</strong></span> <span class='ocrx_word' id='word_1_251' title='bbox 808 2437 943 2475; x_wconf 82' lang='lat' dir='ltr'><strong>quaest.</strong></span> <span class='ocrx_word' id='word_1_252' title='bbox 971 2429 1031 2462; x_wconf 75' lang='lat' dir='ltr'><strong>IV.</strong></span> <span class='ocrx_word' id='word_1_253' title='bbox 1059 2440 1159 2464; x_wconf 87' lang='lat' dir='ltr'><strong>num.</strong></span> <span class='ocrx_word' id='word_1_254' title='bbox 1191 2439 1217 2463; x_wconf 93' lang='lat'><strong>1.</strong></span> 
     </span>
     <span class='ocr_line' id='line_1_32' title="bbox 211 2486 539 2532; baseline 0 -10"><span class='ocrx_word' id='word_1_255' title='bbox 211 2486 266 2532; x_wconf 80' lang='lat'><strong>(3)</strong></span> <span class='ocrx_word' id='word_1_256' title='bbox 292 2487 406 2522; x_wconf 86' lang='lat' dir='ltr'><strong>Ethic.</strong></span> <span class='ocrx_word' id='word_1_257' title='bbox 433 2488 478 2522; x_wconf 82' lang='lat' dir='ltr'><strong>V.</strong></span> <span class='ocrx_word' id='word_1_258' title='bbox 505 2486 539 2522; x_wconf 86' lang='lat'><strong>6.</strong></span> 
     </span>
    </p>
   </div>
   <div class='ocr_carea' id='block_1_5' title="bbox 212 2547 715 2594">
    <p class='ocr_par' dir='ltr' id='par_1_8' title="bbox 212 2547 715 2594">
     <span class='ocr_line' id='line_1_33' title="bbox 212 2547 715 2594; baseline 0 -13"><span class='ocrx_word' id='word_1_259' title='bbox 212 2547 267 2592; x_wconf 88' lang='grc'><strong>(4)</strong></span> <span class='ocrx_word' id='word_1_260' title='bbox 295 2548 335 2582; x_wconf 89' lang='lat' dir='ltr'><strong>In</strong></span> <span class='ocrx_word' id='word_1_261' title='bbox 365 2557 398 2584; x_wconf 90' lang='lat'><strong>2.</strong></span> <span class='ocrx_word' id='word_1_262' title='bbox 427 2557 457 2581; x_wconf 88' lang='lat'><strong>2.</strong></span> <span class='ocrx_word' id='word_1_263' title='bbox 483 2558 503 2590; x_wconf 82' lang='lat'>4</span> <span class='ocrx_word' id='word_1_264' title='bbox 531 2559 562 2594; x_wconf 91' lang='lat' dir='ltr'><strong>q.</strong></span> <span class='ocrx_word' id='word_1_265' title='bbox 594 2557 680 2592; x_wconf 82' lang='lat' dir='ltr'><strong>57.a.</strong></span> <span class='ocrx_word' id='word_1_266' title='bbox 709 2575 715 2582; x_wconf 92' lang='lat'><strong>.</strong></span> 
     </span>
    </p>
   </div>
  </div>
 </body>
</html>
