1737 2802
710 76 969 106 —221—

127 159 303 218 quisse?
336 158 612 217 Respondeo‚
637 158 724 202 duo
749 158 1129 202 animadvertendo
1153 175 1199 203 ac
1222 152 1551 217 distinguendo:

128 257 183 267 —
219 231 272 290 α)
304 248 391 277 non
425 243 605 290 constat,
628 233 771 275 Deum
806 230 996 276 voluisse
1019 232 1184 286 homini
1218 248 1319 276 suae
1341 234 1450 276 vitae
1482 249 1553 277 ar-

127 302 301 348 bitrium
336 304 589 362 relinquere:
624 304 763 347 immo
793 330 853 336 ——
885 303 936 363 β)
971 316 1150 360 constat,
1180 305 1325 347 Deum
1359 305 1554 348 noluisse

128 374 298 420 homini
333 376 568 420 concedere
591 375 816 419 arbitrium
850 378 961 420 vitae
995 393 1107 421 suae.
1131 377 1330 420 Primum
1357 378 1441 420 iam
1465 376 1554 421 suf-

76 460 79 463 “
126 446 281 498 ficeret,
305 447 357 492 ad
383 448 744 503 concludendum,
763 449 993 492 suicidium
1019 464 1110 492 esse
1134 448 1343 492 illicitum:
1366 461 1413 492 ut
1436 449 1553 492 enim

127 533 243 564 actus
278 519 536 578 disponendi
570 519 622 564 de
656 537 699 564 re
731 520 866 564 aliena
892 523 944 563 sit
978 520 1164 574 illicitus,
1193 520 1275 564 hoc
1308 520 1479 579 sufficit,
1514 521 1551 564 si

129 590 180 635 de
213 608 259 635 ea
293 607 336 635 re
371 592 466 649 quis
502 591 703 649 disponat
736 590 894 649 absque
929 604 1040 635 certa
1084 593 1261 635 scientia
1297 591 1348 635 de
1390 593 1552 636 volun-

127 676 213 707 tate
239 680 319 707 seu
356 679 568 707 consensu
594 663 760 707 domini
784 663 911 707 talem
947 666 984 707 ei
1008 663 1224 708 licentiam
1260 664 1550 708 concedentis.

129 735 242 778 Hinc
273 750 307 778 s.
340 736 611 792 Augustinus
646 734 711 793 (Ι)
745 748 975 793 postquam
1020 735 1140 790 dixit,
1174 735 1300 780 licere
1333 752 1380 780 se
1430 736 1550 779 occi-

128 806 227 851 dere
260 823 311 850 ex
343 805 485 850 divina
519 807 724 863 iussione,
758 805 873 849 addit
905 808 1064 863 statim,
1097 807 1138 850 id
1178 808 1354 866 quidem
1405 807 1549 860 licere,

126 877 368 921 dummodo
403 878 548 921 divina
582 879 702 921 iussio
736 877 846 921 nullo
880 887 993 921 nutet
1027 879 1189 923 incerto.
1235 878 1319 923 Sed
1365 880 1550 922 alterum

129 965 304 1009 quoque
337 949 526 993 habetur:
561 949 771 1006 videlicet,
804 963 844 993 et
892 967 942 993 ex
987 951 1169 1009 positiva
1202 952 1285 994 Dei
1331 950 1554 994 locutione

129 1038 201 1066 seu
237 1022 514 1079 revelatione,
547 1034 588 1065 et
620 1037 672 1065 ex
708 1022 925 1080 principiis
959 1022 1053 1066 solo
1092 1024 1221 1066 etiam
1254 1022 1433 1065 naturali
1482 1036 1554 1065 ra-

128 1101 258 1144 tionis
292 1099 453 1143 lumine
503 1101 688 1158 cognitis
737 1112 916 1154 constat,
949 1102 1092 1144 Deum
1140 1101 1331 1144 noluisse
1381 1100 1551 1144 homini

131 1172 367 1216 concedere
400 1172 621 1215 arbitrium
655 1173 766 1215 vitae
800 1188 916 1216 suae.

129 1358 254 1394 relicta
281 1359 429 1394 arbitrio
456 1358 631 1401 hominis,
661 1360 719 1406 qui
747 1359 900 1405 proinde
927 1358 1024 1394 licite
1058 1367 1177 1405 potest
1212 1359 1339 1394 eadem
1379 1359 1556 1394 occidere.

128 1418 300 1454 «Nullus
327 1427 453 1465 peccat
479 1430 522 1453 ex
547 1417 633 1462 hoc,
662 1419 760 1465 quod
788 1420 897 1454 utitur
923 1431 959 1454 re
987 1419 1106 1466 aliqua
1127 1419 1170 1454 ad
1197 1419 1279 1463 hoc,
1297 1419 1341 1454 ad
1369 1420 1464 1466 quod
1491 1428 1557 1455 est.

128 1479 167 1514 In
195 1490 313 1513 rerum
340 1488 459 1513 autern
489 1478 616 1513 ordine
636 1478 907 1524 imperfectiora
926 1489 1008 1514 sunt
1035 1488 1178 1525 proptet
1204 1477 1435 1524 perfectiora:
1465 1479 1557 1514 sicut

130 1540 240 1574 etiam
268 1539 304 1572 in
330 1538 573 1584 generationis
600 1538 658 1572 via
698 1548 824 1573 natura
863 1540 906 1573 ab
946 1538 1170 1585 imperfectis
1197 1539 1240 1573 ad
1278 1538 1443 1584 perfecta
1469 1550 1555 1586 pro-

130 1598 237 1634 cedit.
262 1599 305 1634 Et
331 1598 413 1633 inde
440 1607 491 1632 est
519 1598 616 1644 quod
643 1599 735 1634 sicut
761 1599 797 1633 in
825 1600 1065 1646 generatione
1090 1599 1252 1633 hominis
1281 1599 1379 1644 prius
1416 1608 1467 1634 est
1504 1598 1558 1632 vi-

129 1671 226 1702 vum,
254 1658 383 1693 deinde
410 1659 556 1701 animal,
585 1658 713 1693 ultimo
741 1668 859 1694 autern
888 1659 1016 1694 homo:
1046 1659 1093 1694 ita
1121 1659 1232 1694 etiam
1261 1670 1313 1698 ea,
1343 1670 1437 1705 quae
1474 1666 1559 1693 tan-

130 1727 207 1754 tum
233 1719 369 1761 vivunt,
396 1728 434 1753 ut
461 1719 615 1765 plantae,
642 1728 724 1754 sunt
750 1721 1000 1754 communiter
1039 1729 1188 1766 propter
1224 1719 1406 1753 animalia:
1435 1718 1561 1753 omnia

129 1787 250 1813 autem
289 1778 461 1813 animalia
501 1788 582 1813 sunt
622 1787 767 1825 propter
806 1778 1008 1814 hominem.
1035 1779 1079 1814 Et
1108 1779 1188 1814 ideo
1215 1779 1244 1814 si
1285 1780 1399 1814 homo
1438 1787 1560 1814 utatur

131 1838 263 1885 plantis
290 1838 334 1873 ad
362 1839 550 1874 utilitatem
578 1838 807 1880 animalium,
837 1848 870 1873 et
898 1839 1116 1874 animalibus
1143 1839 1187 1873 ad
1215 1839 1406 1875 utilitatem
1433 1838 1560 1874 homi-

132 1909 234 1940 num,
264 1911 339 1933 non
368 1908 419 1934 est
448 1898 626 1941 illicitum,
646 1908 684 1932 ut
711 1906 810 1944 patet
839 1910 901 1944 per
928 1898 1212 1944 Philosophum,
1235 1898 1271 1931 in
1306 1909 1330 1934 1.
1350 1898 1456 1934 Polit.
1477 1910 1506 1935 e.
1528 1910 1559 1944 ς.

133 1966 168 1993 et
194 1967 225 2002 7.
244 1966 294 1993 to.
320 1969 345 1994 1.
374 1958 471 1992 Inter
498 1958 588 1992 alios
616 1966 735 1992 autem
764 1969 847 1992 usus
874 1958 1033 1992 maxime
1051 1959 1274 1993 necessarius
1301 1969 1378 1992 esse
1404 1958 1557 2001 videtur,

135 2025 172 2051 ut
198 2016 367 2051 animalia
395 2016 528 2063 plantis
555 2026 701 2052 utantur
727 2018 762 2050 in
790 2018 923 2060 cibum,
952 2027 985 2052 et
1013 2017 1181 2051 homines
1208 2016 1436 2060 animalibus,
1464 2016 1562 2064 quod

133 2078 214 2112 sine
241 2078 524 2113 mortificatione
551 2089 678 2112 eorum
706 2078 782 2112 fieri
822 2089 896 2112 non
924 2087 1059 2124 potest.
1087 2079 1130 2113 Et
1159 2078 1239 2113 ideo
1270 2077 1407 2112 licitum
1447 2088 1499 2113 est
1525 2086 1561 2113 et

134 2135 274 2183 plantas
300 2137 518 2171 mortificare
546 2137 580 2171 in
609 2148 712 2171 usum
742 2137 968 2180 animalium,
991 2147 1024 2173 et
1051 2137 1221 2172 animalia
1249 2137 1284 2172 in
1312 2149 1418 2171 usum
1444 2137 1564 2172 homi-

136 2208 236 2239 num,
255 2207 298 2231 ex
317 2196 392 2242 ipsa
419 2195 650 2231 ordinatione
678 2196 809 2232 divina.
828 2196 971 2231 Dicitur
989 2197 1086 2231 enim
1115 2197 1209 2232 Gen.
1232 2197 1258 2232 Ι.
1278 2207 1347 2244 29.:
1367 2197 1460 2232 Ecce
1480 2195 1563 2231 dedi

135 2257 238 2291 vobis
265 2267 414 2290 omnem
441 2255 589 2290 herbam
617 2255 830 2290 afferentem
860 2267 983 2290 semen
1011 2268 1116 2303 super
1154 2265 1297 2299 terram,
1324 2266 1357 2292 et
1395 2257 1563 2292 universa

135 2316 234 2362 ligna
262 2327 352 2362 quae
378 2315 511 2350 habent
538 2315 573 2349 in
601 2315 807 2361 semetipsis
825 2326 1025 2352 sementem
1054 2318 1197 2364 generis
1216 2317 1282 2359 sui,
1305 2325 1342 2351 ut
1369 2318 1438 2352 sint
1457 2316 1563 2351 vobis

136 2376 173 2410 in
199 2387 331 2410 escam.
358 2375 401 2410 Et
429 2375 522 2410 Gen.
547 2375 609 2410 IX.
640 2384 683 2418 3.:
713 2374 851 2418 Omne,
874 2376 968 2422 quod
997 2385 1164 2411 movetur
1191 2385 1225 2412 et
1243 2376 1346 2417 vivit,
1368 2377 1434 2411 etit
1459 2377 1564 2411 vobis

135 2435 170 2469 in
199 2435 328 2470 cibum:
356 2435 455 2481 quasi
483 2434 580 2469 olera
607 2435 778 2476 viventia,
795 2435 924 2470 tradidi
942 2437 1044 2470 vobis
1063 2437 1199 2472 omnia.
1219 2451 1238 2470 »
1267 2437 1419 2472 —Vide
1445 2448 1565 2483 super.

136 2494 230 2529 thes.
256 2495 317 2529 111.
345 2506 425 2540 pag.
456 2505 510 2538 51.

233 2554 283 2599 (1)
309 2555 364 2589 De
391 2554 457 2589 civ.
484 2555 566 2596 Dei,
597 2555 620 2589 1.
649 2564 676 2589 1.
703 2564 780 2600 cap.
806 2555 939 2590 XXVI.
