1737 2802
677 161 906 204 -75-

567 404 910 449 ARTICULUS
943 405 1021 449 VI.

311 534 384 577 De
414 534 597 577 iurium
628 535 856 579 conflictu
887 548 976 579 seu
1006 536 1274 579 collisione.

654 688 820 731 THEsts
854 689 930 731 VI.

84 817 249 860 Iurium
279 819 386 861 circa
421 814 545 860 uuum
578 818 834 876 eamdemque
868 834 953 862 rem
985 817 1192 877 conflictus
1224 834 1308 862 non
1340 829 1398 863 est
1429 836 1509 864 on-

198 887 353 945 tologice
386 904 522 942 verus,
555 889 623 932 sed
655 889 936 932 tantummodo
969 898 1184 947 apparens.
1225 889 1429 945 Quocirca
1463 906 1509 934 eo

199 961 241 1003 in
272 974 464 1003 concursu
501 961 610 1003 illius
642 960 826 1003 habenda
859 970 913 1003 est
945 961 1054 1004 ratio
1089 963 1206 1015 iuris,
1251 961 1358 1019 quod
1388 977 1509 1005 suam

197 1032 340 1074 retinet
377 1033 478 1080 vim,
523 1032 662 1085 altero,
695 1031 803 1090 quod
845 1041 939 1075 tunc
982 1032 1115 1090 quoad
1137 1035 1374 1076 exercitium
1408 1049 1509 1078 sus-

194 1102 404 1161 penditur,
458 1103 514 1146 uci
552 1112 709 1160 tempus
747 1103 988 1160 posthabito.
1038 1103 1261 1158 Quodnam
1292 1112 1426 1147 autem
1459 1105 1512 1147 sit

200 1175 281 1226 ius,
315 1174 424 1232 quod
455 1189 500 1217 ea
536 1176 576 1216 in
624 1173 825 1217 collisione
874 1176 1091 1233 praevalet
1138 1190 1258 1218 suum
1302 1175 1507 1219 servando

200 1244 338 1299 robur,
372 1245 415 1289 id
445 1246 615 1289 diversis
641 1256 716 1303 pro
750 1245 984 1290 diversitate
1017 1262 1186 1291 casuum
1218 1248 1384 1301 criteriis
1401 1247 1510 1290 diiu-

200 1317 330 1361 dicari
360 1317 479 1361 dehet.

204 1450 268 1491 16.
303 1449 668 1492 PRAENorroNEs.
717 1449 767 1491 In
816 1447 906 1489 iure
954 1460 1113 1501 creato,
1147 1462 1286 1504 eoque
1334 1459 1508 1504 accepto

80 1535 158 1578 pro
190 1520 364 1578 legitima
411 1520 599 1577 exigendi
645 1519 805 1578 aliquid
847 1528 1046 1577 potestate
1093 1519 1175 1578 (sic
1223 1519 1339 1562 enim
1373 1517 1511 1560 morlo

79 1603 321 1649 spectamus
356 1591 459 1650 ius),
492 1592 569 1634 tria
610 1604 709 1634 sunt
747 1591 949 1648 diligenti
997 1590 1144 1634 studio
1189 1589 1509 1633 consideranda:

79 1663 503 1721 nempe—limitatio,
521 1679 603 1720 qua
620 1679 740 1705 suam
776 1661 830 1705 ob
866 1663 1080 1719 originem
1104 1678 1179 1705 seu
1198 1662 1510 1705 derivationem

79 1735 190 1778 intra
221 1746 362 1777 certos
394 1733 551 1777 limites
586 1749 825 1791 numquam
859 1748 946 1776 non
972 1734 1442 1790 coarctatur—collisio,
1466 1734 1508 1776 ir1

80 1821 210 1864 quam
243 1805 297 1849 ob
330 1821 452 1849 suam
489 1805 792 1849 limitationem
811 1821 935 1863 saepe
968 1805 1344 1862 incidit—coactio,
1379 1820 1508 1864 quarn

81 1892 203 1920 suam
221 1875 275 1919 ob
293 1875 658 1920 inviolabilitatem
678 1876 757 1919 sibi
774 1876 970 1919 vindicat.
992 1876 1117 1929 Quae
1134 1878 1214 1919 tria
1237 1876 1428 1934 pluribus
1457 1874 1510 1919 ab

79 1948 324 1993 auctoribus
357 1948 619 2006 appellantur
651 1948 848 1991 attributa
881 1949 984 1991 iuris
1020 1950 1160 1991 creati.
1186 1949 1246 1991 Ita
1271 1947 1399 1993 Card.
1437 1949 1506 1991 Zi-

79 2020 210 2079 gliara
241 2019 328 2079 (1):
367 2038 387 2061 «
419 2021 641 2063 Limitatio
675 2033 739 2062 est
773 2021 876 2062 iuris
910 2018 1162 2062 attributum
1181 2021 1222 2063 in
1242 2035 1286 2063 se
1310 2020 1505 2078 spectati:

82 2092 248 2137 collisio
279 2105 344 2136 est
375 2091 627 2136 attributum
676 2093 782 2134 iuris
815 2093 857 2134 in
896 2092 1215 2149 comparatione
1265 2108 1362 2135 cum
1398 2093 1506 2135 iure:

83 2164 246 2207 coactio
280 2175 343 2206 est
374 2161 626 2206 attributum
661 2177 929 2220 consequens
964 2162 1030 2204 ius
1065 2162 1107 2205 in
1132 2162 1283 2206 ordine
1308 2163 1358 2206 ad
1384 2162 1508 2206 aliam

83 2249 328 2292 personam,
361 2235 405 2277 in
438 2249 565 2291 quam
600 2235 666 2277 ius
700 2233 891 2278 habetur.
928 2249 949 2273 »

201 2306 250 2349 In
282 2304 447 2348 scholio
480 2305 651 2349 theseos
696 2305 989 2363 praecedentis
1034 2305 1119 2348 iam
1170 2305 1220 2349 de
1270 2306 1510 2349 limitatione

83 2376 284 2421 diximus:
317 2393 364 2420 ac
396 2375 481 2420 duo
515 2377 741 2435 praecipue
775 2376 1061 2435 ostendimus,
1083 2379 1238 2436 Primo,
1265 2378 1329 2420 ius
1364 2375 1511 2436 quod-

179 2602 236 2648 (1)
264 2601 400 2638 Philos.
425 2601 517 2636 Mor.
545 2613 625 2648 pars
649 2601 709 2637 alt.
737 2603 781 2637 ab
808 2602 887 2638 init.
