1737 2802
767 111 1032 142 —222—

307 196 407 239 Dixi
437 196 590 254 primo,
626 193 666 237 id
701 206 895 237 constare
928 209 978 236 ex
1029 193 1211 252 positiva
1260 192 1341 235 Dei
1389 189 1612 234 locutione

190 284 263 312 seu
299 266 573 310 revelatione.

306 337 403 380 Huc
436 351 535 379 saue
568 335 665 378 facit
698 337 898 393 quintum
931 334 1137 392 Decalogi
1182 345 1474 392 praeceptum,
1508 331 1607 376 Non

186 409 345 452 occides.
395 409 521 461 Quae
552 406 678 450 verba
726 408 786 449 sic
819 418 914 464 apte
957 405 1007 449 ad
1057 421 1146 448 rem
1195 417 1386 448 nostram
1435 404 1612 462 exponit

187 497 218 523 s.
252 481 521 537 Augustinus
555 479 639 538 (1):
677 480 768 522 «Et
793 478 1032 537 prohibitos
1060 493 1132 521 nos
1166 493 1258 521 esse
1284 476 1609 536 intelligendum

186 566 261 606 est,
296 552 364 595 ubi
399 553 488 595 Lex
521 553 590 605 ait,
627 553 724 595 Non
757 551 924 595 occides.
957 550 1215 594 Praesertim
1251 551 1350 608 quia
1395 564 1483 593 non
1530 548 1608 592 ad-

186 623 311 677 didit,
341 625 580 682 proximant
618 632 749 666 tim-m:
798 623 908 665 sicut
957 622 1110 665 falsum
1161 621 1461 665 testimonium
1510 635 1608 663 cum

185 708 359 749 vetaret,
401 696 586 752 Falsum,
630 696 783 753 inquit,
818 696 1092 738 testimonium
1142 710 1222 738 non
1270 693 1369 737 dices
1414 692 1612 736 adversus

184 771 420 827 proximum
453 777 581 812 tumn.
616 768 710 812 Nec
763 767 859 810 ideo
908 780 1049 810 tamen
1084 767 1118 809 si
1167 766 1369 809 adversus
1417 765 1609 823 seipsum

184 843 411 901 quisquam
446 841 597 884 falsum
634 841 931 883 testimonium
960 839 1129 894 dixerit,
1156 838 1203 882 ab
1238 837 1320 882 hoc
1354 838 1533 882 crimine
1564 851 1609 880 se

184 914 393 971 putaverit
427 912 629 956 alienum.
655 912 879 965 Quoniam
905 910 1097 968 regulam
1122 909 1325 968 diligendi
1353 909 1608 968 proximum

184 1001 205 1028 a
238 985 472 1042 semetipso
497 984 677 1027 dilector
711 984 884 1041 accepit:
911 982 1262 1041 quandoquidem
1292 982 1504 1039 scripturn
1528 992 1608 1036 est,

184 1057 339 1113 Diliges
367 1057 603 1114 proximum
637 1064 772 1110 tunm,
809 1065 1021 1113 tamqnam
1055 1055 1240 1112 teipsum.
1276 1054 1414 1097 Porro
1450 1053 1481 1095 si
1515 1051 1606 1095 falsi

182 1130 417 1172 testimonii
451 1144 537 1171 non
572 1129 716 1171 minus
751 1143 847 1170 reus
882 1140 959 1183 est,
993 1129 1065 1185 qui
1101 1127 1151 1170 de
1186 1128 1329 1185 seipso
1352 1125 1505 1169 falsum
1539 1125 1607 1169 fa-

181 1213 310 1254 tetur,
346 1216 471 1259 quam
509 1201 542 1242 si
578 1200 781 1243 adversus
818 1202 1067 1258 proximum
1103 1199 1185 1243 hoc
1224 1198 1394 1252 faceret3
1430 1214 1525 1241 curn
1562 1198 1606 1241 in

181 1289 232 1316 eo
267 1285 507 1330 praecept0‚
541 1288 627 1330 quo
676 1271 827 1315 falsum
877 1273 1175 1315 testimonium
1229 1270 1492 1330 prohibetur,
1525 1269 1604 1314 ad-

179 1360 327 1388 versus
363 1346 613 1403 proximum
656 1344 948 1402 prohibeatur,
986 1346 1206 1403 possitque
1249 1360 1337 1388 non
1372 1357 1485 1387 recte
1537 1344 1604 1386 in-

180 1416 467 1473 telligentibus
516 1416 664 1474 videri,
697 1433 783 1460 non
833 1433 924 1460 esse
976 1417 1262 1476 prohibitum,
1307 1429 1354 1460 ut
1403 1416 1604 1460 adversus

179 1490 371 1545 seipsum
405 1490 585 1547 quisque
618 1488 747 1531 falsus
781 1491 900 1532 testis
935 1491 1114 1533 assistat:
1151 1503 1311 1548 quanto
1348 1491 1485 1546 magis
1533 1489 1605 1532 in-

178 1560 459 1618 telligendum
485 1574 564 1617 est,
588 1577 674 1604 non
699 1561 826 1604 licere
861 1561 1027 1604 homini
1052 1564 1245 1620 seipsum
1270 1561 1482 1619 occidere,
1505 1577 1602 1606 cum

179 1632 221 1673 in
255 1648 322 1688 eo,
355 1632 471 1690 quod
505 1634 713 1690 scriptum
748 1646 824 1686 est,
859 1634 956 1676 Non
991 1634 1153 1691 occides,
1178 1633 1313 1676 nihilo
1347 1633 1499 1678 deinde
1532 1633 1604 1678 ad-

179 1703 282 1757 dito,
315 1703 472 1760 nulluS,
507 1721 583 1747 nec
618 1706 706 1762 ipse
742 1706 904 1763 utique,
930 1706 995 1748 cui
1032 1707 1304 1764 praecipitur,
1340 1705 1603 1764 intelligatur

177 1790 430 1835 exceptus.»
472 1778 590 1820 Tum
626 1794 727 1821 vero
762 1780 971 1821 sententia
1009 1778 1180 1822 illorum
1227 1780 1380 1822 reiecta
1414 1778 1495 1838 (2),
1530 1781 1602 1838 qui

185 1848 304 1891 «hoc
338 1862 611 1906 praeceptum
662 1850 788 1892 etiam
823 1851 864 1892 in
914 1850 1066 1893 bestias
1101 1866 1146 1893 ae
1194 1867 1347 1909 pecora
1395 1865 1602 1895 conantur

176 1920 416 1977 extendere,
451 1933 497 1963 ut
530 1937 580 1963 ex
614 1921 696 1964 hoc
729 1920 894 1964 nullum
946 1923 1072 1964 etiam
1107 1921 1280 1966 illorum
1329 1923 1449 1966 liceat
1482 1924 1600 1966 occi-

177 1990 293 2045 dere,
312 2009 330 2031 »
373 1993 426 2035 ita
451 1992 680 2036 concludit:
722 1994 923 2050 «Restat,
947 2006 993 2036 ut
1018 1993 1068 2037 de
1095 1993 1270 2037 homine
1294 1994 1599 2052 intelligamus,

177 2063 294 2121 quod
328 2064 489 2107 dictum
525 2077 599 2114 est,
637 2066 734 2108 Non
768 2066 925 2109 occides:
960 2082 1038 2108 nec
1073 2065 1251 2109 alterum
1286 2082 1403 2124 ergo,
1436 2083 1514 2110 nec
1545 2079 1599 2112 te.

177 2135 327 2192 Neque
360 2136 474 2178 enin]
509 2137 579 2192 qui
613 2151 658 2178 se
691 2136 860 2189 occidit,
895 2135 1007 2180 aliud
1042 2153 1170 2194 quam
1214 2136 1436 2181 hominem
1482 2139 1600 2181 occi-

177 2205 296 2248 dit.»
335 2207 481 2263 Itaque
515 2223 566 2249 ex
600 2206 856 2250 revelatione
892 2220 1071 2265 constat,
1107 2209 1250 2252 Deum
1283 2208 1450 2252 homini
1483 2209 1598 2253 arbi-

269 2458 322 2501 (1)
350 2458 403 2492 De
431 2459 497 2492 civ,
525 2459 590 2493 Dei
615 2454 640 2493 l.
673 2468 698 2492 1.
725 2469 753 2492 e.
784 2469 837 2494 20.
867 2481 909 2486 —
938 2459 992 2495 Cf.
1024 2460 1066 2495 de
1093 2461 1208 2506 Lugo,
1237 2473 1294 2507 op.
1337 2462 1395 2495 cit.
1436 2460 1526 2507 disp.
1552 2462 1597 2496 X.

174 2526 257 2551 sect.
288 2527 316 2552 1.
347 2529 447 2552 num.
481 2529 506 2551 1.

269 2578 325 2622 (2)
353 2577 445 2624 Vide
472 2590 587 2624 super.
614 2579 705 2614 thes.
734 2580 793 2614 ΙΙΙ.
823 2581 939 2615 schol.
969 2592 1050 2627 pag.
1083 2590 1137 2625 53.
