1737 2802
788 113 1021 156 -32-

194 196 319 238 dente
353 208 391 237 et
423 209 473 236 ex
507 194 608 236 iuris
633 192 881 238 definitione
913 194 1126 252 (potestas
1162 195 1362 255 legitima)
1394 208 1523 254 patet,
1555 209 1621 241 est

194 268 270 310 lvx.
297 268 412 309 Haec
436 267 551 309 enim
576 269 783 323 est,'quae
819 265 922 308 dum
957 267 1029 308 uni
1064 281 1247 324 persone
1275 266 1470 324 (subiecto
1492 267 1621 327 iuris)

194 337 340 380 tribuit
383 349 641 394 potestatem
692 336 871 379 faciendi
920 335 1080 394 aliquid
1114 349 1184 379 aut
1226 337 1424 396 exigendi
1458 337 1618 397 aliquid

194 423 412 466 tamquam
447 408 524 451 sibi
559 408 766 465 debitum,
799 408 931 451 simul
965 407 1054 450 aliis
1088 407 1283 466 (termino
1315 409 1445 469 iuris)
1479 411 1620 469 impo-

194 482 257 524 nit
305 480 614 536 obligationem
662 495 750 522 non
798 478 1060 537 impediendi
1104 479 1164 537 id,
1211 480 1329 538 quod
1378 480 1620 526 subiectum

194 553 299 594 iuris
332 551 466 594 facere
500 551 602 594 vult.
636 563 706 593 aut
741 552 868 594 etiam
902 552 1088 609 positive
1121 554 1363 609 praestandi
1410 553 1469 607 id,
1501 553 1622 612 quod

195 622 434 666 subiectum
470 622 574 664 iuris
608 633 750 679 potest
783 622 964 678 exigere.

315 700 403 741 Lex
436 712 579 742 autem
613 711 675 741 est
712 697 887 756 duplex,
922 698 1123 742 naturalis
1171 698 1264 755 alia,
1299 699 1378 743 alia
1419 701 1622 759 positiva.

196 771 309 813 Hinc
342 771 468 812 etiam
502 781 689 827 potestas
725 769 848 812 alicui
871 768 979 812 facta
1012 785 1087 813 seu
1123 770 1187 813 ius
1221 784 1284 814 est
1308 770 1482 830 duplex,
1505 770 1622 817 aliud

195 841 403 897 naturale,
436 840 548 883 aliud
576 841 813 898 positivum,
846 853 976 897 prout
1009 840 1206 884 videlicet
1240 857 1262 884 a
1304 841 1399 900 lege
1440 842 1621 887 naturali

196 911 411 956 confertur
446 911 511 954 vel
549 927 570 953 a
603 911 696 968 lege
729 913 926 969 positiva.
961 912 1099 954 Porro
1132 911 1198 955 lex
1231 914 1416 970 positiva
1447 914 1514 958 vel
1551 914 1623 958 di-

194 985 292 1026 vina
324 996 387 1026 est
420 983 486 1025 vel
519 982 723 1035 humana,
758 982 859 1026 haec
895 995 1038 1026 autem
1063 983 1128 1027 vel
1152 984 1436 1028 ecclesiastica
1469 998 1534 1029 est
1555 985 1622 1030 vel

195 1054 343 1099 civilis:
378 1054 476 1097 hinc
508 1054 574 1097 ius
608 1055 738 1097 etiam
773 1055 1010 1112 positivum
1035 1054 1322 1099 subdividitur
1355 1059 1400 1100 in
1422 1056 1622 1100 divinum

195 1140 235 1171 et
269 1125 523 1183 humanum,
555 1125 795 1168 humanum
844 1139 986 1169 autem
1020 1127 1063 1168 in
1098 1126 1426 1171 ecclesiasticam
1470 1140 1512 1172 et
1560 1128 1625 1172 ci-

193 1199 290 1255 vile,
324 1210 452 1256 prout
486 1210 674 1255 potestas
710 1213 731 1239 a
762 1196 855 1254 lege
889 1196 1030 1241 divina
1074 1198 1139 1241 vel
1188 1197 1390 1257 humana,
1422 1199 1623 1244 ecclesia-

195 1270 302 1312 stiea
333 1267 399 1311 vel
431 1267 604 1326 politica
636 1267 898 1311 conceditur.

317 1340 498 1384 Constat
531 1355 582 1383 ex
615 1339 756 1394 dictis,
792 1355 868 1398 per
899 1341 962 1383 ius
996 1341 1188 1385 naturale
1221 1354 1263 1385 et
1298 1343 1520 1399 positivum
1552 1343 1625 1386 in·-

195 1411 328 1469 telligi
362 1410 476 1454 aliud
509 1423 550 1454 et
586 1410 718 1465 aliud,
753 1423 883 1468 prout
917 1412 982 1454 ius
1016 1412 1203 1455 sumitur
1236 1412 1304 1456 vel
1326 1413 1368 1455 in
1396 1413 1538 1471 prima
1559 1428 1627 1456 ac-

197 1485 395 1542 ceptione
419 1497 498 1540 pro
533 1482 625 1540 Iege,
647 1481 716 1525 vel
748 1483 792 1525 in
815 1481 1001 1525 secunda
1032 1498 1112 1540 pro
1135 1484 1318 1542 aequali,
1341 1484 1408 1528 vel
1431 1485 1475 1527 in
1501 1485 1627 1530 tertia

197 1570 276 1613 pro
305 1563 512 1613 potestate.
548 1557 620 1598 Ius
653 1568 809 1611 nempe
832 1553 1020 1596 naturale
1053 1554 1119 1598 vel
1142 1556 1379 1613 positivum
1412 1556 1456 1599 in
1486 1556 1626 1614 prima

198 1625 373 1685 quidem
406 1626 653 1682 acceptione
690 1638 752 1668 est
785 1624 899 1668 idem
933 1640 978 1667 ac
1011 1624 1076 1668 lex
1108 1625 1312 1670 naturalis
1335 1625 1402 1670 vel
1425 1617 1630 1684 positiva:¹

197 1700 241 1742 in
275 1698 402 1741 altera
434 1710 578 1740 autem
612 1697 858 1755 acceptione
892 1710 956 1740 est
990 1696 1104 1740 idem
1137 1713 1184 1740 ac
1221 1698 1386 1741 iustum
1435 1713 1488 1741 ex
1533 1699 1626 1756 ipsa

198 1784 347 1817 natura
378 1770 437 1812 rei
485 1769 552 1812 vel
586 1786 636 1812 ex
685 1768 900 1826 condicto,
935 1781 981 1812 ut
1024 1785 1057 1812 s,
1093 1769 1291 1813 Thomas
1329 1768 1535 1827 loquitur:
1579 1769 1624 1812 in

199 1843 322 1886 tertia
352 1840 530 1885 demum
562 1843 810 1898 acceptione
843 1852 907 1883 est
939 1839 1054 1883 idem
1088 1857 1134 1884 ac
1182 1852 1372 1898 potestas
1422 1855 1624 1885 concessa

202 1929 222 1955 a
256 1914 349 1970 lege
381 1911 560 1955 naturali
589 1911 655 1954 vel
687 1911 871 1969 positiva
902 1912 978 1969 (1)

320 1985 500 2028 Divisio
536 1983 589 2025 Π.
624 1983 876 2040 Spectemus
910 1997 1024 2025 nunc
1069 1983 1301 2036 materiam,
1337 1982 1448 2026 eirca
1493 1997 1625 2041 quam

200 2057 266 2099 ius
298 2068 506 2099 versatur.
540 2056 612 2098 Ius
645 2067 787 2112 potest
821 2055 928 2098 circa
962 2054 1049 2098 duo
1096 2055 1273 2108 versari,
1308 2054 1507 2098 videlicet
1552 2067 1625 2098 aut

203 2129 310 2171 circa
341 2129 515 2171 actiones
547 2126 818 2170 subditorum
854 2128 897 2170 in
929 2125 1092 2170 bonum
1126 2127 1324 2184 ipsorum
1367 2143 1441 2172 seu
1489 2127 1626 2171 totius

203 2200 523 2244 communitatis
558 2198 815 2243 ordinandas
849 2211 920 2242 aut
955 2199 1061 2242 circa
1092 2213 1168 2255 res,
1200 2198 1264 2242 vel
1298 2199 1418 2257 quasi
1450 2214 1517 2243 res
1565 2197 1626 2256 (2)

298 2451 356 2498 (1)
384 2451 439 2488 Cf.
467 2453 667 2491 Becanum‚
694 2452 736 2486 de
763 2452 838 2486 iure
864 2460 899 2486 et
925 2452 1005 2486 iust.
1034 2462 1116 2498 cap.
1142 2450 1170 2485 1.
1198 2461 1230 2497 q.
1257 2450 1319 2485 111.
1346 2460 1443 2486 num.
1478 2458 1507 2484 1.

299 2514 355 2558 (2)
385 2513 560 2548 Addimus
585 2512 650 2546 has
676 2522 801 2555 voces,
831 2512 929 2559 quasi
954 2522 1019 2546 res.
1043 2512 1203 2552 Etenim,
1231 2520 1269 2546 ut
1300 2511 1465 2546 Becanus
1506 2508 1630 2554 habet,

204 2573 273 2608 loc.
302 2585 386 2620 nup.
415 2574 476 2608 cit.
504 2585 536 2620 q.
563 2572 610 2609 V.
639 2584 737 2608 num.
765 2571 813 2608 6.:
843 2585 861 2604 «
880 2571 1035 2606 nomine
1060 2571 1112 2606 rei
1129 2582 1203 2606 non
1230 2579 1373 2606 tanturn
1392 2568 1630 2615 intelligimus
