1737 2802
828 186 1091 228 -19oss

247 282 393 328 gnant,
426 282 472 312 ut
506 285 641 312 unum
676 284 767 312 esse
799 269 945 312 Deum
980 282 1019 312 et
1053 268 1167 312 hunc
1215 285 1351 312 unum
1386 270 1531 313 Deum
1564 268 1678 317 sub-.

247 344 395 386 sistere
430 343 471 385 in
506 341 638 385 tribus
669 343 884 386 Personis.
910 342 1059 385 Priora
1082 353 1181 384 sunt
1205 340 1426 385 secundnm
1448 342 1674 386 rationem:

247 415 373 458 altera
423 427 521 457 sunt
568 423 709 458 contra
752 415 985 458 rationem:
1035 414 1155 456 tertia
1203 429 1280 456 nec
1322 412 1544 457 secundum
1590 428 1671 456 nec

244 497 401 541 contra,
433 486 508 530 sed
541 495 665 544 supra
704 486 912 529 rationem
957 497 1070 538 sunt,
1114 485 1425 529 excellentioris
1474 484 1672 529 videlicet

248 561 427 613 ordinis,
461 559 511 603 ad
545 575 673 617 quem
700 572 843 602 nostra
868 560 975 602 ratio
999 558 1208 602 limitibus
1234 559 1555 617 circumscripta
1578 575 1674 617 per·
1712 582 1715 585 -

245 633 411 689 tingere
446 632 607 689 nequit.
642 629 767 675 Ratio
802 631 941 688 itaque
975 630 1052 673 sibi
1087 630 1245 687 relicta,
1278 646 1323 673 ac
1357 629 1407 673 de
1442 629 1509 673 his
1544 631 1672 673 inter-

248 718 413 762 rogata,
447 703 551 746 nihil
587 716 727 761 potest
762 703 1045 760 interroganti
1081 702 1356 761 respondere.

422 813 460 859 ί)
508 826 579 852 Do
602 824 933 852 convenientia
954 824 1138 851 (livinae
1161 823 1481 852 revelationis.

366 913 435 955 47.
471 899 778 942 Demonstrata
832 897 999 940 divinae
1052 896 1321 940 revelationis
1377 895 1673 955 possibilitate,

247 970 465 1028 agendum
500 971 581 1013 iam
619 983 682 1013 est
717 969 767 1012 de
803 968 999 1013 eiusdem
1035 969 1214 1012 utilitate
1249 985 1322 1012 seu
1359 969 1672 1024 convenientia,

246 1042 444 1087 videlicet
477 1068 533 1075 —
573 1042 627 1086 1⁰.
662 1042 713 1085 de
762 1043 1058 1085 convenientia
1107 1041 1392 1095 revelationis,
1441 1057 1548 1100 quae
1596 1057 1674 1100 pro

248 1115 415 1159 obiecto
445 1114 593 1158 habeat
615 1115 814 1157 veritates
848 1114 1072 1157 rationales
1106 1139 1162 1146 —-
1198 1113 1256 1157 2⁰.
1291 1113 1342 1157 de
1377 1114 1675 1157 convenientia

247 1187 532 1240 revelationis,
557 1203 664 1245 quae
698 1185 909 1229 humanae
945 1186 1077 1229 menti
1115 1184 1268 1244 pandat
1303 1186 1503 1229 veritates
1535 1194 1674 1244 super-

248 1260 468 1303 rationales
493 1275 566 1302 seu
592 1259 796 1317 mysteria
821 1283 879 1291 —
904 1258 961 1314 3⁰.
988 1258 1038 1301 de
1062 1258 1359 1301 convenientia
1382 1256 1694 1312 revelationis„

246 1349 355 1394 quae
389 1331 591 1375 omnibus
625 1344 665 1374 et
698 1330 878 1387 singulis
913 1345 1000 1373 non
1050 1329 1298 1373 immediate
1347 1328 1431 1387 fiat,
1466 1329 1541 1374 sed
1585 1346 1673 1387 me-

245 1406 368 1450 diate.

814 1606 981 1649 THESIS
1016 1606 1116 1650 XV.

252 1715 377 1773 Quod
409 1717 523 1760 Deus
555 1716 740 1758 veritates
772 1716 881 1772 ipsas
914 1715 1134 1758 rationales
1166 1713 1398 1758 hominihus
1435 1714 1598 1768 revelet,
1632 1712 1675 1757 id

368 1797 456 1831 tum
489 1786 656 1830 divinae
691 1786 888 1841 bonitati,
922 1802 1045 1845 quam
1080 1786 1243 1843 mirifice
1290 1786 1555 1841 demonstrat,
1589 1795 1675 1830 tum

365 1860 570 1903 humanae
618 1858 872 1913 infirmitati,
906 1860 971 1903 ensi
1016 1858 1236 1903 salubriter
1282 1859 1543 1913 auxiliatur,
1577 1874 1675 1904 con-

362 1950 514 1992 gruum
548 1935 711 1977 omnino
745 1944 797 1976 est
830 1942 948 1992 atque
982 1934 1166 1991 apprime
1200 1934 1449 1977 conveniens.

367 2041 438 2096 48.
472 2041 859 2084 DEMONSTRATIO.
893 2041 1064 2082 Praeter
1096 2055 1157 2097 ea,
1191 2054 1298 2098 quae
1347 2038 1539 2098 pluribus
1589 2039 1674 2083 iam

246 2112 352 2156 locis
386 2112 458 2171 (1)
492 2111 568 2156 hac
611 2112 662 2155 de
696 2128 738 2155 re
790 2113 1027 2163 innuimus,
1064 2111 1180 2169 haec,
1214 2127 1322 2170 quae
1366 2127 1416 2155 ex
1462 2110 1672 2170 Angelico

247 2185 440 2228 Doctore
473 2186 534 2242 (2)
568 2183 838 2241 subiicimus,
871 2196 1062 2227 accurate
1095 2183 1425 2242 perpendantur.

370 2276 392 2297 «
427 2257 598 2315 Duplici
623 2258 797 2300 veritate
819 2256 1066 2315 divinorum
1091 2255 1423 2314 intelligibilium
1448 2257 1672 2312 existente,

248 2344 331 2372 una
366 2328 416 2371 ad
450 2345 578 2386 quam
613 2330 789 2372 rationis
823 2329 1044 2386 inquisitio
1079 2330 1323 2387 pertingere
1356 2341 1516 2388 potest,
1541 2329 1674 2373 altera

245 2417 355 2460 quae
388 2418 518 2445 omne
553 2403 778 2459 ingenium
813 2401 1025 2445 humanae
1060 2402 1235 2444 rationis
1280 2402 1458 2462 excedit3
1501 2410 1672 2461 utraque

344 2604 399 2650 (1)
426 2603 483 2640 Cf.
508 2616 628 2651 super.
654 2615 737 2652 pag.
768 2615 844 2650 177.

343 2663 398 2710 (2)
428 2665 556 2700 Contr.
580 2673 681 2711 gent.
712 2665 734 2700 1.
762 2666 788 2701 Ι.
815 2677 845 2700 c.
872 2665 934 2701 IV.
