1737 2802
132 227 362 260 sumuntur
395 226 440 256 ut
472 213 681 271 aequales,
717 228 802 256 non
837 212 1033 257 habendo
1067 214 1278 258 rationem
1322 216 1560 275 inaequali-
1598 238 1600 241 ·

135 288 244 339 tatis,
278 299 316 328 et
350 297 557 343 quantum
592 298 655 328 est
689 297 1005 328 nocumentum
1040 284 1158 343 quod
1191 302 1302 329 unus
1327 287 1467 331 attulit
1499 287 1562 332 al-

132 359 229 410 teri,
265 357 532 400 tantumdem
567 356 689 399 debet
717 357 799 414 ipsi
822 371 1166 414 recompensare.
1186 358 1397 402 Iniustmn
1429 360 1563 418 igitur

134 441 198 472 est
230 427 523 485 inaequalitas,
559 443 632 485 per
666 442 795 484 quam
831 442 881 469 ex
916 427 1202 471 contractibus
1250 441 1291 472 et
1324 429 1563 474 actionibus

134 501 234 543 alter
269 499 390 543 habet
423 499 688 542 arithmetice
722 498 834 555 plus,
868 497 971 542 alter
1003 498 1270 543 arithmetice
1303 501 1474 544 minus:
1498 502 1562 544 iu-

133 581 241 617 stum
276 572 471 614 consistit
505 571 546 612 in
579 568 850 626 aequalitate,
885 585 959 627 per
984 585 1111 627 quam
1135 584 1287 614 neuter
1310 570 1435 614 habet
1467 570 1563 630 plus

134 656 206 686 aut
239 643 397 699 miuus,
417 641 490 684 sed
523 653 702 698 uterque
727 640 995 684 arithmetice
1020 656 1234 699 aequum:
1257 654 1298 685 et
1321 657 1419 685 curn
1454 657 1563 686 con-

134 726 290 757 tractus
325 726 423 755 sunt
458 712 604 755 iniusti
642 724 682 755 et
706 712 970 770 -inaequaleS‚
1006 711 1129 756 debet
1160 711 1290 756 iudex
1322 712 1418 756 illos
1462 728 1563 757 cor-

135 787 271 843 rigere
304 801 348 828 ac
383 784 575 841 redigere
607 783 658 827 ad
691 783 988 841 aequalitatem
1024 784 1401 828 arithmeticam».
1433 785 1563 828 Hisce

135 863 273 907 verbis
307 876 400 920 apte
434 861 678 919 explicatur,
711 877 794 919 qua
826 862 868 904 in
902 877 945 904 re
980 863 1145 904 iustum
1179 863 1398 904 intentum
1431 876 1453 904 a
1490 862 1562 905 iu-

134 937 248 981 stitia
280 934 586 977 commutativa
620 932 782 977 differat
815 949 837 976 a
869 934 983 976 iusto
1017 933 1181 976 intento
1231 948 1253 975 a
1295 933 1457 976 iustitia
1503 932 1563 977 di-

134 1006 357 1052 stributiva
390 1005 473 1063 (Ι).

254 1079 433 1121 DivisIO
468 1076 543 1119 HI.
578 1077 764 1128 Iustum,
801 1075 1054 1133 praesertim
1091 1076 1468 1130 commutativum‚
1501 1074 1565 1119 di-

134 1151 365 1207 stinguitur
400 1149 440 1190 in
474 1149 636 1190 iustum
671 1147 860 1191 naturale
895 1160 935 1190 et
969 1148 1132 1190 iustum
1177 1162 1224 1190 ex
1268 1146 1450 1191 condicto
1488 1162 1563 1190 seu

129 1223 365 1284 positivum.

255 1293 375 1335 Hanc
407 1291 575 1334 tertiam
609 1290 872 1333 divisionem
906 1289 1034 1333 tradit
1067 1306 1100 1333 s.
1135 1289 1326 1334 Thomas
1360 1288 1425 1348 (2)
1447 1288 1564 1332 hisce

135 1363 296 1408 verbis:
327 1381 347 1403 «
369 1364 438 1405 lus
473 1362 559 1405 sive
591 1363 752 1404 iustum
793 1374 856 1404 est
898 1359 1071 1418 aliquod
1120 1376 1229 1418 opus
1281 1359 1565 1418 adaequatum

133 1434 251 1479 alteri
284 1433 523 1477 secundum
557 1432 741 1490 aliquem
774 1431 1035 1490 aequalitatis
1071 1431 1270 1476 modum.
1320 1432 1562 1490 Dupliciter

136 1518 277 1550 autem
312 1516 453 1562 potest
486 1503 609 1546 alicui
643 1503 812 1546 homini
848 1519 941 1546 esse
975 1502 1136 1563 aliquid
1169 1503 1467 1560 adaequatum.
1508 1527 1566 1536 —

137 1577 237 1621 Uno
272 1575 445 1633 quidem
481 1574 617 1618 modo
652 1591 700 1618 ex
732 1577 823 1633 ipsa
855 1584 1010 1618 natura
1044 1576 1116 1628 rei,
1150 1587 1251 1632 puta
1282 1589 1379 1617 cum
1414 1573 1565 1632 aliquis

137 1659 302 1691 tantum
336 1647 421 1704 dat,
456 1660 502 1689 ut
536 1646 807 1690 tantumdem
841 1646 1042 1704 recipiat,
1077 1658 1117 1689 et
1150 1645 1232 1689 hoc
1279 1657 1458 1689 vocatur
1503 1646 1568 1689 ius

135 1718 338 1763 naturale.
373 1744 429 1751 —
462 1718 562 1761 Alio
597 1717 732 1761 modo
757 1717 916 1776 aliquid
952 1730 1015 1761 est
1039 1717 1323 1776 adaequatum
1346 1716 1563 1773 velbcom-
1610 1760 1613 1761 γ

139 1803 433 1833 mensuratum
467 1789 585 1833 alteri
619 1805 667 1833 ex
698 1790 873 1834 condicto
908 1790 998 1832 sive
1031 1805 1082 1833 ex
1131 1789 1358 1833 communi
1397 1788 1566 1846 placito,

138 1861 309 1920 quando
343 1861 503 1904 scilicet
536 1853 691 1919 aliquis
725 1873 893 1919 reputat
927 1877 971 1904 se
1007 1873 1278 1914 contentum,
1317 1861 1351 1903 si
1399 1871 1565 1903 tantum

138 1934 326 1990 accipiat.
363 1933 498 1986 Quod
533 1932 709 1991 quidem
743 1932 834 1975 fieri
868 1945 1012 1990 potest
1047 1931 1284 1991 dupliciter.
1305 1933 1405 1975 Uno
1430 1929 1565 1975 modo

137 2019 213 2062 per
259 2003 433 2061 aliquod
474 2006 689 2062 privatmn
733 2003 1010 2048 condictum:
1045 2006 1156 2047 sicut
1203 2002 1321 2061 quod
1369 2001 1566 2045 firmatur

136 2075 280 2134 aliquo
313 2089 436 2133 pacto
470 2076 578 2119 inter
612 2077 794 2134 privatas
828 2090 1030 2134 personas
1065 2074 1150 2133 (3).
1185 2074 1282 2118 Alio
1331 2071 1466 2117 modo
1515 2088 1566 2116 ex

231 2350 282 2393 (1)
311 2349 366 2384 Cf.
394 2349 569 2390 Lessium‚
596 2348 640 2383 de
668 2348 754 2383 Iust.
782 2356 816 2383 et
844 2347 919 2381 iure
946 2358 977 2382 c.
1013 2357 1040 2381 1.
1066 2346 1178 2381 dubit.
1206 2355 1238 2389 4.

232 2409 285 2452 (2)
313 2408 351 2442 In
384 2419 411 2442 1.
440 2418 471 2443 2.
498 2419 530 2453 q.
562 2416 614 2451 57.
643 2419 672 2441 a.
703 2417 734 2442 2.

234 2468 290 2512 (3)
317 2468 375 2503 Sic
401 2467 492 2513 apud
518 2466 647 2501 Matth.
686 2466 754 2500 loc.
782 2465 891 2512 paulo
921 2475 1005 2500 ante
1032 2465 1090 2499 cit.
1132 2476 1164 2498 ν.
1203 2474 1268 2509 13.,
1303 2459 1563 2509 paterfamilias

138 2528 302 2571 operario
329 2527 569 2560 murmuranti
597 2525 709 2560 dixit:
744 2538 762 2556 «
787 2525 916 2559 Amice
943 2535 1018 2558 non
1047 2522 1139 2557 facio
1160 2523 1224 2558 tibi
1244 2521 1423 2556 iniuriam:
1441 2529 1564 2554 nonne

137 2597 180 2620 ex
206 2585 352 2620 denario
377 2585 577 2620 convenisti
605 2585 782 2619 mecum?
810 2583 919 2618 Tolle
945 2582 1042 2629 quod
1069 2590 1172 2616 tuum
1199 2589 1251 2616 est
1277 2589 1312 2615 et
1337 2579 1427 2623 vade
1447 2592 1480 2613 >›.
