1737 2802
198 186 260 230 Ut
292 200 325 228 s.
358 183 555 227 Thomas
590 182 644 225 ait
667 182 743 239 (1),
784 198 804 221 «
825 193 1054 238 utrumque
1087 180 1130 237 (i.
1149 196 1184 224 e.
1209 193 1300 222 tum
1325 196 1503 225 conmm-

73 266 165 301 ‘tare
197 267 298 299 vota
321 257 363 298 in
384 254 546 298 bonum
581 254 706 296 etiam
743 254 903 309 minus,
937 265 1030 296 tum
1064 252 1210 296 eadem
1247 267 1331 295 non
1368 253 1502 297 modo

79 328 344 386 interpretari
375 326 610 381 authmztim’,
643 324 718 367 sed
752 325 878 367 etiam
903 339 1000 366 vere
1025 323 1273 381 dispensare)
1308 325 1348 366 in
1384 338 1503 381 pote-

78 411 185 442 state
219 397 430 441 Ecclesiae
464 396 713 438 consistit.»
753 396 971 448 Quocirca
1004 395 1029 436 ii
1063 407 1218 449 errant,
1251 396 1321 452 qui
1354 395 1503 439 distin-

75 482 258 528 guentes
282 469 389 511 inter
413 483 503 510 rem
529 466 579 510 de
604 482 685 524 qua
708 466 753 509 fit
779 480 928 509 votum
953 467 996 522 (i.
1015 483 1050 509 e.
1075 465 1292 509 obiectum
1316 483 1390 510 seu
1416 483 1504 510 ma-

73 542 227 585 teriam
259 541 370 597 voti)
404 551 444 582 et
477 539 811 596 promissionem
857 539 993 595 ipsam
1036 538 1124 580 sive
1167 550 1339 595 pactum
1387 538 1506 596 quod

81 628 180 657 cum
210 613 306 655 Deo
340 612 470 654 initur
504 610 545 664 (i.
567 626 602 653 c.
627 610 813 653 formam
837 626 910 652 seu
936 610 1164 652 essentiam
1187 611 1310 667 voti),
1335 609 1504 665 docent,

78 684 129 728 ab
163 683 457 727 Ecclesiastica
491 682 738 724 auctoritate
773 696 900 737 posse
935 680 1109 738 quidem
1147 683 1371 724 materiam
1415 683 1504 726 voti

76 757 123 799 in
157 755 280 799 aliam
314 755 522 797 maiorem
556 753 621 796 vel
659 752 877 810 aequalem
928 754 1199 806 commutari,
1243 754 1504 809 promissio-

74 843 178 871 nem
210 842 312 870 vero
347 825 522 869 dissolvi
556 825 698 882 quoad
732 824 1040 881 obligationem
1085 841 1159 867 seu
1210 827 1368 868 remitti
1418 840 1507 869 non

79 914 222 957 posse.
257 898 382 950 Quae
416 897 607 940 doctrina
641 913 691 940 eo
727 896 848 950 redit,
884 909 929 939 ut
973 897 1015 939 in
1059 897 1247 939 Ecclesia
1294 913 1505 955 recogno-

79 983 219 1014 scatur
252 981 441 1028 potestas
476 969 769 1012 commutandi
804 981 916 1022 vota,
941 984 1028 1011 non
1062 981 1205 1011 autem
1240 970 1282 1012 in
1316 970 1365 1012 iis
1410 986 1507 1013 vere

81 1043 337 1100 proprieque
387 1040 671 1098 dispensandi.
726 1041 856 1098 Atqui
901 1056 988 1083 non
1042 1041 1097 1083 ita
1150 1057 1214 1084 res
1269 1057 1312 1085 se
1368 1041 1506 1087 habet:

77 1113 156 1157 sed
191 1125 436 1170 utrumque,
472 1125 515 1154 ut
551 1127 649 1154 cum
684 1127 715 1155 s.
750 1111 927 1155 Thoma
961 1111 1162 1166 diximus,
1207 1114 1247 1156 in
1299 1126 1508 1171 potestate

83 1184 295 1229 Ecclesiae
329 1185 536 1228 consistit.
571 1209 629 1217 —
663 1183 871 1229 Obiicies:
911 1183 976 1227 lex
1008 1186 1286 1242 praecipiens,
1331 1199 1376 1229 ut
1412 1198 1509 1230 vota

80 1257 177 1301 Deo
211 1255 447 1308 solvantur,
483 1268 545 1298 est
577 1256 799 1299 naturalis:
834 1271 939 1312 ergo
974 1256 1015 1297 in
1049 1271 1097 1298 ea
1136 1258 1283 1314 nequit
1333 1256 1509 1315 dispen-

78 1329 190 1372 satio
229 1327 311 1370 ulla
359 1327 539 1371 admitti.
587 1326 837 1384 Respondet
887 1328 1044 1371 Suarez
1077 1328 1163 1388 (2),
1201 1329 1508 1387 distinguendo

79 1400 191 1443 inter
224 1398 363 1456 legem
400 1398 450 1442 de
484 1410 588 1441 voto
621 1398 846 1454 servando,
880 1415 1107 1457 quousque
1155 1400 1236 1443 hoc
1285 1400 1422 1457 durat,
1469 1414 1509 1444 et

80 1471 227 1528 ipsum
260 1482 429 1514 votum:
465 1469 549 1512 hoc
582 1469 755 1512 relaxari
789 1485 863 1513 seu
897 1470 989 1513 tolli
1025 1483 1180 1528 potest,
1213 1471 1280 1515 illa
1313 1486 1399 1515 non
1434 1488 1510 1530 po-

79 1554 179 1586 test.
204 1541 487 1585 Admittimus
512 1556 615 1598 ergo
640 1540 1009 1598 dispensationem
1035 1544 1076 1585 in
1111 1551 1218 1598 voto,
1254 1559 1343 1586 non
1367 1556 1510 1586 autem

83 1615 126 1657 in
154 1621 364 1671 praecepto
399 1611 580 1655 naturali
617 1611 811 1655 servandi
846 1624 1014 1669 votum,
1048 1629 1275 1671 quousque
1309 1610 1392 1657 hoc
1425 1613 1510 1657 du-

82 1697 159 1728 rat:
196 1697 242 1727 ut
275 1683 543 1727 admittimus
577 1683 904 1741 abrogationem
937 1684 1041 1741 legis
1075 1684 1251 1728 alicuius
1285 1685 1511 1740 humanae,

81 1772 171 1800 non
225 1768 366 1799 autem
419 1754 743 1812 abrogationem
797 1755 902 1813 legis
958 1756 1162 1800 naturalis
1215 1758 1510 1815 praecipientis

85 1826 326 1870 custodiam
359 1826 464 1883 legis
499 1826 729 1882 humanae,
761 1843 988 1885 quousque
1031 1827 1133 1870 haec
1169 1829 1285 1885 viget
1332 1844 1377 1871 ac
1416 1841 1510 1872 stat.

87 1916 112 1939 «
144 1899 234 1942 Lex
267 1898 468 1941 naturalis
503 1899 545 1940 in
579 1900 788 1955 praesenti
825 1911 905 1951 est,
926 1911 971 1941 ut
1004 1911 1105 1942 vota
1138 1900 1233 1942 Deo
1267 1899 1512 1954 reddantur,

86 2126 266 2160 voventis:
296 2125 516 2172 dispensatio
543 2133 663 2159 autem
690 2124 793 2159 datur
821 2136 863 2158 ex
892 2134 993 2171 parte
1019 2126 1099 2168 Dei,
1126 2126 1185 2171 qui
1221 2135 1406 2172 tamquam
1448 2126 1515 2161 do·

86 2185 210 2220 minus
234 2185 290 2220 vel
317 2194 503 2232 tamquam
530 2184 684 2219 creditor
712 2185 805 2220 cedit
834 2186 899 2219 iuri
928 2195 1037 2219 suo.»
1070 2205 1115 2211 -—
1136 2185 1190 2219 De
1218 2186 1514 2232 interpretatione

87 2244 247 2279 dixhnus
276 2255 395 2289 supen
423 2244 497 2279 voL
528 2244 660 2290 I.pag.
689 2242 769 2290 396.
1125 2232 1132 2235 ⁷
1493 2246 1497 2249 ’

183 2305 242 2350 (1)
271 2305 308 2339 In
338 2314 367 2338 2.
397 2315 428 2339 2.
457 2317 488 2352 q.
515 2302 571 2339 38.
597 2315 629 2339 a.
665 2314 718 2338 xo.
745 2305 801 2338 De
829 2315 899 2350 quo
926 2315 952 2338 s.
980 2303 1150 2339 Thomae
1177 2305 1261 2340 loco
1296 2303 1339 2339 cf.
1367 2305 1510 2347 Suarez,

90 2363 138 2399 de
165 2373 250 2399 voto
279 2364 302 2399 l.
329 2363 362 2400 6.
389 2375 420 2399 c.
449 2375 482 2411 9.
507 2375 607 2398 num.
628 2362 658 2398 6.

184 2424 240 2469 (2)
266 2424 324 2459 De
348 2432 436 2459 voto
464 2424 486 2459 1.
513 2417 575 2458 VI.
603 2435 621 2457 c
651 2435 686 2471 9.
714 2434 812 2458 num.
836 2433 867 2468 9.
887 2422 943 2458 Cf.
972 2435 1061 2470 quae
1081 2423 1237 2459 diximus
1257 2435 1372 2470 super.
1393 2422 1461 2458 vol.
1489 2434 1515 2459 1.

86 2483 371 2520 thes.XXXV1.
411 2482 454 2518 de
495 2483 788 2519 immutabilitate
827 2482 917 2529 legis
957 2483 1138 2527 naturalis,
1179 2484 1389 2530 praesertim
1431 2492 1516 2518 vero

89 2555 171 2590 Pag·
204 2551 282 2587 305.
