1737 2802
14 33 30 43 n

100 11 130 23 μ’
157 3 186 14 <rr

63 27 68 32 .
91 22 167 51 ,χΙΓΣ
180 23 185 27 .

661 152 896 194 „49—

15 288 17 290 q
66 235 189 288 citur,
221 232 296 277 sed
328 232 499 276 dilectio
553 233 596 275 in
643 231 824 275 alterum
868 232 1022 286 tendit,
1072 246 1117 276 ut
1171 233 1350 276 charitas
1399 248 1491 277 esse

69 305 208 363 possit
231 321 272 347 n.
291 304 354 347 Ita
376 319 408 345 s.
435 303 678 359 Gregorius
702 303 888 360 Magnus
911 302 994 362 (1),
1019 303 1139 345 cuius
1164 303 1290 346 verba
1314 316 1496 361 possunt

66 391 166 419 sane
198 375 329 434 aptari
362 373 511 432 officio,
545 372 663 431 quod
696 373 869 417 tandem
919 373 971 417 ad
1027 375 1246 416 caritatem
1296 374 1421 428 redit,
1457 388 1498 418 et

57 449 107 506 ⁴in
143 463 223 490 suo
257 458 466 504 conceptu
499 447 724 489 notionem
757 445 979 489 alteritatis
1014 447 1151 503 magis
1200 448 1327 489 etiam
1361 446 1490 504 quain

69 519 217 562 caritas
241 507 422 562 exhibet.
441 543 497 550 —
517 518 566 560 In
599 516 749 560 officiis
774 533 873 574 erga
896 517 1000 561 alios
1024 526 1139 576 saepe
1162 530 1256 561 tum
1282 518 1496 574 debitum,

67 602 162 632 tum
193 589 392 643 alteritas,
425 602 518 632 tum
551 589 777 646 aequalitas
811 588 1004 632 obtinent
1038 588 1188 646 plene:
1233 605 1364 647 eaque
1399 607 1498 648 pro-

69 660 168 704 inde
201 672 301 703 sunt
334 658 517 717 pleniori
553 674 679 719 sensu
715 659 854 702 officia
887 659 1085 718 perfecta.
1111 661 1211 703 Dixi
1235 671 1360 719 saepe.
1383 663 1498 708 Nam

71 734 114 776 in
146 731 288 776 officio
322 748 355 775 e.
381 748 421 789 g.
456 747 555 789 erga
588 745 780 789 parentes
805 744 846 774 et
879 731 1062 789 perfecta
1096 732 1281 776 alteritas
1315 734 1434 777 deest
1459 748 1500 778 et

72 804 326 847 omnimoda
358 803 600 862 aequalitas
634 804 763 846 Deest
807 803 992 861 perfecta
1039 804 1249 848 alteritas:
1286 805 1499 863 siquidem

79 895 98 916 «
131 877 173 923 in
208 874 332 918 rebus
368 875 565 917 humanis
598 874 725 928 filius,
761 888 805 918 ut
838 891 870 918 s.
891 874 1113 918 Thomam
1138 877 1223 918 iam
1246 876 1499 934 loquentem

73 946 314 990 audivimus
347 945 433 1004 (2),
467 958 530 988 est
565 945 723 1003 aliquid
757 947 903 1003 p;it1·i5‚
935 947 1033 1004 quia
1067 946 1399 1005 quodammodo
1435 962 1498 991 est

73 1033 168 1076 pars
201 1018 290 1060 eius
315 1034 353 1060 ».
378 1017 510 1060 Deest
544 1016 798 1059 omnimoda
830 1017 1088 1075 czeqztczlitasz
1114 1017 1326 1075 siquidem
1367 1036 1388 1059 <z
1426 1034 1499 1076 pa-

74 1087 281 1139 rentibus,
317 1100 363 1130 ut
397 1087 511 1130 idem
535 1103 565 1131 S.
594 1088 762 1130 Doctor
785 1089 840 1130 ait
864 1087 947 1146 (3),
967 1103 1055 1130 non
1079 1101 1222 1146 potest
1259 1088 1497 1132 secundum

73 1159 369 1217 aequalitatem
404 1159 721 1216 recompensari
746 1158 863 1216 quod
887 1160 946 1201 eis
981 1158 1158 1202 debetur
1178 1178 1218 1216 »‚
1253 1176 1352 1203 cum
1370 1159 1419 1203 ab
1441 1162 1501 1203 eis

76 1243 241 1290 praeter
274 1229 575 1273 educationem
610 1230 753 1287 ipsum
785 1245 894 1284 esse,
928 1230 1165 1274 secundario
1200 1231 1392 1288 quidem,
1425 1247 1498 1274 ac-

75 1303 327 1360 ceperimus
343 1300 485 1345 Adest
508 1313 650 1343 autem
674 1300 853 1343 debitum
877 1303 1121 1357 maximum,
1146 1303 1404 1355 maximum,
1429 1303 1502 1345 in-

75 1389 219 1431 quam,
251 1384 349 1430 post
382 1373 539 1415 Deum.
581 1372 788 1414 «Etenim
823 1371 957 1414 homo
992 1372 1282 1416 diversimode
1317 1372 1502 1417 efficitur

76 1443 166 1486 aliis
200 1443 381 1499 debitor,
414 1440 654 1485 secundum
689 1458 840 1485 eorum
889 1442 1101 1485 diversam
1135 1443 1433 1486 excellentiam
1461 1456 1503 1487 et

21 1522 23 1526 '
77 1514 244 1558 diversa
276 1512 477 1557 beneficia
510 1512 558 1555 ab
592 1514 651 1556 eis
686 1527 895 1571 suscepta.
921 1514 968 1556 In
1003 1526 1187 1572 utroque
1220 1527 1363 1558 autem
1387 1516 1504 1558 Deus

77 1601 300 1629 summum
334 1585 498 1628 obtinet
530 1585 690 1638 locum,
724 1587 796 1642 qui
830 1598 870 1628 et
912 1585 1299 1629 excellentissimus
1349 1598 1427 1643 est,
1460 1598 1503 1630 et

78 1669 142 1700 est
173 1656 295 1699 nobis
329 1655 496 1698 essenii
533 1669 572 1699 et
605 1654 926 1712 gubernationis
971 1657 1162 1713 primum
1211 1657 1503 1715 principiu1n3

80 1726 331 1770 secundario
355 1742 458 1769 vero
482 1727 616 1769 nostri
640 1742 731 1769 esse
755 1739 793 1769 et
817 1725 1138 1783 gubernationis
1173 1728 1381 1785 principia
1403 1740 1504 1771 sunt

76 1806 263 1856 parentes
296 1810 335 1840 et
363 1799 531 1855 patrici,
564 1814 584 1840 a
633 1797 787 1854 quibus
838 1809 877 1840 et
924 1799 967 1840 in
1010 1813 1092 1856 qua
1134 1800 1218 1841 nati
1268 1812 1308 1842 et
1355 1799 1509 1842 nutriti

80 1883 247 1911 sumus,
283 1869 332 1911 Et
365 1868 462 1911 ideo
497 1880 593 1926 post
627 1869 771 1911 Deum
815 1880 877 1911 est
924 1868 1060 1912 homo
1109 1860 1295 1912 maxime
1342 1868 1509 1913 debitor

79 1939 324 1996 parentibus
358 1952 398 1982 et
432 1941 646 1997 patriae».
673 1940 798 1992 Quae
847 1939 1057 1997 praeclara
1104 1953 1203 1983 sunt
1236 1956 1267 1983 s.
1305 1940 1507 1985 Thomae

81 2010 208 2054 verba
240 2010 326 2069 (4).

206 2097 271 2126 11.
305 2084 560 2127 SCHoitoN.
592 2084 648 2126 At
681 2085 812 2140 enim,
836 2083 980 2140 quaeri
1003 2082 1141 2126 adhuc
1174 2095 1333 2140 potest,
1357 2082 1510 2126 tradita

82 2153 326 2198 officiorum
359 2154 500 2198 diviso
534 2155 574 2197 in
610 2170 674 2208 ea,
711 2171 817 2213 quae
840 2155 1002 2207 Deum,
1028 2170 1135 2212 quae
1159 2154 1265 2198 alios
1291 2154 1507 2208 homines,

181 2404 237 2449 (1)
265 2405 374 2440 Hom.
406 2415 456 2450 17.
483 2406 519 2440 in
545 2407 607 2442 Ev.

180 2464 237 2509 (2)
267 2463 359 2499 Vide
385 2464 477 2500 thes.
503 2465 545 2500 11.
574 2477 656 2512 pag.
685 2465 741 2502 26.

177 2523 235 2569 (3)
261 2523 302 2558 In
330 2534 362 2559 2.
391 2534 426 2560 2.
453 2536 486 2572 q.
515 2525 571 2560 80.
599 2537 631 2562 a.
661 2537 722 2561 un.

181 2583 239 2628 (4)
266 2583 306 2618 In
334 2594 365 2618 2.
394 2594 426 2619 2.
453 2596 487 2631 q.
519 2594 594 2620 101.
622 2596 655 2621 a.
686 2595 717 2622 1.
