1737 2802
819 133 1056 174 ..50-

223 233 330 274 quac
379 214 670 272 nosmetipsos
720 215 969 271 respiciunt,
1018 227 1134 258 estne
1184 214 1338 259 divisio
1380 211 1648 275 adaequata?

222 289 381 331 Nonne
415 285 510 329 addi
545 285 698 329 debent
732 284 869 328 officia
903 301 978 328 seu
1003 285 1180 328 moralia
1205 285 1343 330 debita
1367 302 1467 344 erga
1489 286 1645 332 bruta?

344 357 604 415 Respondeo
640 356 946 413 distinguendo
981 358 1090 400 inter
1124 360 1341 402 materiam
1362 358 1431 402 vel
1454 359 1648 404 obiectum

223 429 369 485 officii,
405 429 687 486 eiusdemque
720 429 951 479 terminum.
978 429 1145 471 Dantur
1169 428 1358 472 hominis
1382 429 1522 474 officia
1541 432 1646 476 circa

220 502 357 558 bruta,
392 502 657 544 materialiter
689 499 754 542 vel
789 500 974 543 obiective
1006 516 1111 544 conc.
1156 500 1309 544 dantur
1353 501 1544 546 hominis
1576 502 1646 547 of-

218 573 309 616 ficia
334 588 423 629 erga
449 572 583 628 bruta,
605 573 866 613 terminativc
891 587 1001 629 nego.
1025 572 1076 615 Et
1111 573 1276 630 explico
1307 572 1644 618 distinctionem.

220 670 276 677 —
298 645 344 686 In
370 643 528 695 officio,
562 655 607 685 ut
640 644 723 685 iam
759 643 995 691 innuimus,
1018 645 1095 685 tria
1118 655 1222 686 sunt
1247 645 1472 702 praecipue
1495 644 1646 688 distin-

219 716 406 774 guenda,
429 715 660 768 subiectum,
686 716 857 758 materia
880 731 954 758 seu
978 715 1183 772 obiectam,
1207 718 1418 760 terminus.
1443 716 1495 775 α)
1518 717 1646 760 Bruta

217 800 435 846 nequeunt
469 802 560 830 esse
593 787 815 830 subiectum
849 786 990 830 officii.
1013 787 1182 829 Etenim
1202 786 1394 830 officium
1413 800 1476 831 est
1499 787 1645 846 quod-

219 862 315 905 dam
351 860 544 904 debitum
579 875 652 902 seu
702 859 923 901 vinculum
973 859 1122 902 morale
1171 875 1220 902 ex
1269 859 1345 917 lege
1388 859 1644 904 inductum:

218 933 340 976 bruta
371 947 488 985 vero,
523 943 671 988 utpote
704 931 742 972 vi
777 930 1041 987 intelligendi
1075 943 1114 973 et
1164 944 1479 989 consequenter
1511 930 1644 975 libero

218 1005 390 1048 arbitrio
425 1003 640 1056 destituta,
673 1019 761 1046 non
796 1004 878 1045 iam
913 1002 1084 1045 vinculo
1120 1004 1268 1046 morali
1300 1018 1375 1061 per
1408 1004 1530 1060 legem
1566 1003 1646 1047 ad·

218 1077 370 1132 stringi
403 1088 580 1132 queunt,
603 1074 676 1117 sed
707 1075 865 1132 physico
888 1087 1055 1117 tantum
1079 1074 1251 1117 vinculo
1275 1090 1350 1131 per
1379 1074 1645 1118 subiectivam

216 1148 589 1191 determinationem
624 1145 679 1189 aa'.
713 1162 839 1188 unam
875 1159 1056 1203 possunt
1091 1148 1291 1189 coerceri.
1316 1145 1373 1206 β)
1391 1135 1523 1189 Bruta
1545 1161 1645 1203 pos-

217 1231 315 1262 sunt
334 1234 425 1262 esse
444 1219 616 1260 mat-cria
628 1218 694 1259 vei
709 1217 903 1260 obiectum
917 1216 1061 1269 officii,
1083 1218 1106 1259 i.
1123 1233 1156 1261 e.
1172 1216 1214 1261 id
1230 1217 1347 1275 quod
1361 1230 1424 1260 est
1439 1216 1642 1270 dandum,

217 1290 283 1334 vel
297 1291 404 1333 circa
418 1288 535 1347 quod
548 1289 760 1346 estaliqua
784 1290 893 1331 actio
909 1293 1107 1346 ponenda
1127 1290 1169 1331 in
1187 1290 1367 1346 gratiam
1390 1288 1457 1350 vel
1478 1288 1641 1333 bonum

214 1362 404 1405 alicuius,
429 1360 479 1419 γ)
502 1362 631 1403 Bruta
655 1373 873 1417 nequeunt
895 1376 988 1402 esse
1022 1362 1222 1404 terminus
1246 1360 1392 1418 officii,
1412 1362 1437 1404 i.
1460 1377 1496 1404 e.
1521 1360 1564 1404 id
1599 1361 1642 1403 in

216 1435 337 1477 cuius
355 1432 519 1475 bonum
539 1432 678 1490 aliqua
701 1433 810 1474 actio
830 1444 893 1474 est
911 1448 960 1474 ex
979 1431 1123 1475 debito
1145 1432 1357 1490 ponenda:
1378 1432 1477 1490 quia
1489 1431 1640 1483 homo,

214 1518 364 1563 utpote
398 1505 625 1548 brutorum
654 1505 797 1561 plenus
831 1499 1041 1556 daminag'
1061 1519 1150 1547 non
1174 1516 1343 1547 tenetur
1376 1503 1541 1547 bonum
1578 1503 1642 1562 ip-

214 1591 364 1619 sorum
399 1577 563 1619 ratione
596 1591 669 1618 seu
696 1576 850 1618 intuitu
876 1575 1072 1632 ipsorum
1111 1574 1180 1633 (ac
1204 1576 1238 1617 si
1257 1587 1400 1618 essent
1425 1574 1504 1618 sibi
1527 1575 1643 1634 socii)

215 1663 458 1704 procurare,
492 1646 566 1689 sed
589 1646 816 1689 brutorum
840 1645 1003 1688 bonum
1029 1645 1151 1688 debet
1195 1661 1455 1703 promovere
1478 1646 1642 1689 ratione

213 1719 279 1762 vel
297 1721 454 1762 intuitu
473 1719 537 1761 sui
557 1734 824 1776 suorumque
841 1718 868 1760 i.
889 1734 923 1761 e.
944 1718 985 1760 in
1009 1719 1073 1760 sui
1097 1733 1366 1776 suorumque
1388 1717 1565 1761 bonum.
1584 1743 1642 1751 —

214 1791 552 1833 Distinctionem
587 1791 694 1833 inter
728 1790 830 1832 haec
877 1791 978 1845 tria,
1021 1789 1261 1843 subiectum,
1316 1791 1533 1833 materiam
1575 1789 1643 1832 vel

212 1861 420 1918 ahialim,
454 1862 670 1904 terminum
703 1860 850 1913 officii,
887 1861 992 1903 clare
1027 1860 1144 1904 vides
1179 1862 1220 1903 in
1268 1861 1351 1904 hoc
1398 1859 1633 1919 exemplo:

213 1933 343 1976 Caius
377 1933 580 1976 dominus
624 1932 784 1975 famulo
833 1948 911 1975 suo
946 1933 1067 1975 Titio
1115 1933 1334 1990 praecipit,
1368 1945 1414 1975 ut
1463 1932 1639 1989 vigilem

212 2005 360 2048 habeat
395 2020 540 2047 curam
573 2003 624 2047 de
658 2020 785 2062 equo,
821 2020 907 2061 quo
942 2006 1031 2062 ipse
1063 2004 1113 2046 ad
1159 2004 1440 2062 equitandum
1491 2004 1638 2047 utitur.

213 2078 359 2122 Titius
395 2076 592 2134 famulus,
626 2078 696 2135 qui
732 2076 783 2120 de
829 2068 940 2134 equo
990 2091 1135 2119 curam
1185 2075 1338 2119 habere
1387 2075 1529 2128 debet,
1576 2088 1640 2118 est

214 2149 435 2192 subiectum
470 2148 626 2192 officii:
662 2163 760 2191 cura
794 2147 846 2190 de
880 2163 992 2205 equo
1027 2146 1231 2205 habenda,
1267 2148 1445 2205 ipseque
1478 2161 1640 2204 equus,

215 2221 324 2263 circa
357 2235 485 2278 quem
531 2236 629 2263 cura
677 2219 780 2262 haec
828 2220 1014 2262 exerceri
1067 2218 1206 2276 debet,
1254 2231 1317 2261 est
1350 2220 1546 2278 materia
1573 2217 1639 2261 vel

212 2292 404 2336 obiectam
453 2291 603 2335 officii:
640 2292 770 2336 Caius
819 2291 1037 2347 dominus,
1086 2292 1128 2333 in
1177 2292 1297 2334 cuius
1348 2289 1668 2334 commodum.

213 2379 313 2406 cura
344 2363 411 2406 illa
445 2364 633 2421 ponitur,
668 2375 731 2406 est
764 2364 963 2406 terminus
998 2362 1140 2406 officii.
1176 2363 1293 2406 Haec
1327 2363 1444 2406 iuxta
1490 2361 1639 2420 unani-

214 2450 332 2478 mem
364 2435 595 2478 hominum
631 2434 900 2492 concipiendi
935 2434 1230 2492 loquendique
1266 2433 1465 2491 modum,
1497 2436 1520 2476 a
1551 2447 1638 2491 quo

213 2507 286 2564 qui
321 2505 494 2564 recedit,
529 2522 551 2549 a
585 2507 810 2549 communi
843 2521 970 2548 sensu
1007 2520 1138 2562 aeque
1171 2520 1217 2548 ac
1250 2519 1271 2546 a
1313 2516 1428 2548 recta
1475 2503 1639 2547 ratione

215 2576 386 2621 recedit.
