1737 2802
638 138 944 184 ·—109—

213 223 362 281 Itaque
417 221 722 281 quodcumque
773 223 967 281 supremi
1013 223 1220 267 Numinis
1274 222 1522 266 attributum

96 307 356 353 spectemus,
404 293 488 337 hoc
531 309 701 351 semper
744 294 1004 351 colligimus,
1037 298 1187 352 Ipsum
1221 310 1314 338 esse
1346 310 1369 338 a
1400 292 1525 337 nobis

96 366 415 410 honorandum.
442 367 495 410 Et
530 381 628 409 sane
661 366 809 409 Deum
834 366 1016 409 revereri
1040 365 1261 419 debemus,
1290 379 1336 409 ut
1358 381 1433 408 ens
1456 381 1526 408 su-

97 453 299 497 premum
321 462 378 471 —
413 437 568 491 colere,
601 450 647 480 ut
679 438 925 481 existentiae
957 438 1154 495 vitaeque
1179 451 1352 481 nostrae
1371 437 1524 495 princi-

99 510 221 568 pium
257 535 309 541 —
336 524 491 560 amare,
526 521 573 551 ut
605 507 770 551 bonurn
789 524 1012 551 summum
1036 533 1094 542 —
1116 509 1284 564 timere,
1307 521 1354 551 ut
1375 520 1524 565 poten-

98 593 188 625 tem
227 606 272 613 —
314 595 452 637 orare,
499 592 546 623 ut
588 580 786 623 omnium
835 580 1040 623 arbitrum
1075 605 1132 614 —
1163 579 1364 623 fiduciam
1395 581 1440 622 in
1471 595 1523 623 eo

99 668 276 711 ponere,
298 653 359 695 uti
393 652 711 710 sapientissimo
745 653 968 709 provisore
1001 663 1046 695 ac
1078 651 1364 708 gubernatore
1394 677 1455 684 —
1486 653 1524 694 ei

99 725 254 782 gratias
288 739 429 781 agere,
464 725 527 766 uti
560 722 816 766 benefactori
851 724 1044 766 maximo
1077 749 1134 756 —
1166 724 1202 767 ei
1237 722 1423 781 obedire,
1459 724 1522 767 uti

100 797 244 854 primo
278 795 512 853 legislatori
545 821 601 828 —
636 797 673 838 ei
706 797 881 850 servire,
920 808 965 838 ut
998 795 1178 838 domino
1212 795 1421 840 absoluto.

673 1009 837 1052 THfists
871 1010 949 1053 IX.

99 1143 197 1185 Iure
245 1149 418 1183 naturae
466 1149 619 1183 tenetur
665 1141 780 1182 homo
824 1155 903 1182 non
937 1139 1050 1183 modo
1085 1141 1269 1192 internis,
1303 1139 1372 1182 sed
1402 1140 1522 1182 etiam

221 1213 393 1255 externis
425 1211 578 1255 actibus
613 1212 698 1255 Deo
731 1213 890 1254 auctori
922 1226 991 1254 sno
1025 1211 1176 1254 cultum
1209 1211 1402 1254 exhibere.

222 1342 290 1385 28.
325 1342 692 1385 PRAExortoxfis.
727 1341 1034 1399 Explicandum
1069 1342 1211 1398 primo
1235 1356 1315 1394 est,
1341 1341 1444 1400 quid
1467 1343 1524 1385 sit

100 1415 233 1458 cultus
258 1416 350 1458 Dei.
371 1440 420 1445 —
442 1414 598 1457 Colere
632 1415 775 1457 Deum
809 1414 1009 1466 dicimur,
1044 1414 1215 1472 quando
1244 1414 1521 1457 reverentiam

101 1486 186 1544 Ipsi
211 1499 251 1529 et
273 1485 486 1529 honorem
510 1486 581 1544 (1)
605 1485 846 1529 tribuimus,
868 1490 926 1530 At
950 1485 1106 1543 duplici
1131 1486 1264 1529 modo
1288 1501 1522 1544 possumus

101 1558 246 1602 Deum
295 1557 529 1610 honorare,
579 1557 766 1601 indirecte
813 1570 981 1600 tantum
1014 1574 1087 1601 seu
1122 1558 1166 1600 de
1199 1559 1450 1616 consequenti
1481 1570 1523 1601 et

101 1629 242 1672 directe
276 1645 349 1672 seu
390 1629 639 1687 formaliter.
679 1630 816 1672 Priori
850 1630 984 1673 modo
1018 1630 1144 1672 toties
1178 1631 1322 1672 Deum
1356 1629 1523 1673 honore

100 1701 423 1758 prosequimur,
459 1703 628 1759 quoties
662 1702 841 1744 honeste
875 1702 1041 1758 agimus
1066 1700 1253 1744 divinam
1280 1703 1358 1746 Dei
1381 1702 1522 1759 legem

101 1772 345 1831 implendo:
396 1775 505 1816 sicut
548 1775 664 1816 enim
708 1774 780 1831 qui
814 1773 944 1816 violat
978 1773 1116 1831 legem
1151 1773 1328 1817 offendit
1361 1790 1522 1831 regem,

100 1994 185 2028 bent
211 1993 366 2039 amplius
393 1992 477 2039 quid
504 1992 646 2028 saciant.
677 1993 879 2028 Ostendam
911 2003 1032 2028 autem
1061 1994 1174 2037 vobis,
1212 2005 1315 2040 quem
1347 1994 1518 2028 timeatis:

99 2054 226 2087 timete
252 2064 348 2091 eum.
376 2053 433 2099 qui
463 2062 652 2099 postquam
679 2053 868 2096 occiderit,
896 2054 1003 2088 habet
1043 2061 1263 2099 potestatem
1304 2054 1445 2088 mittere
1486 2053 1520 2087 in

101 2111 320 2157 gehennam:
350 2113 396 2147 ita
425 2112 507 2146 dico
534 2113 648 2155 vobis,
675 2113 770 2147 hunc
797 2113 934 2148 timete.
956 2128 972 2143 ιι
999 2133 1046 2139 -
1073 2113 1170 2147 Haec
1197 2113 1240 2146 ad
1261 2113 1391 2147 animis
1411 2112 1524 2147 incul-

102 2170 257 2205 candum
285 2171 455 2206 timorem
482 2171 560 2214 Dei,
589 2172 646 2218 qui
674 2181 726 2206 est
757 2173 933 2206 «initium
959 2172 1148 2218 sapientiae
1167 2187 1183 2203 »ι
1214 2173 1234 2206 i.
1263 2183 1294 2206 e.
1325 2183 1431 2206 causa
1468 2171 1524 2206 di·

97 2240 259 2275 sponens
285 2229 328 2263 ad
353 2231 567 2275 sapientiam
593 2231 650 2266 vel
676 2233 783 2266 etiam
812 2219 946 2277 primus
973 2231 1077 2266 huius
1104 2231 1264 2266 effectus.

197 2288 249 2333 (1)
277 2303 294 2319 «
315 2290 521 2334 Reverentia,
546 2292 664 2338 inquit
696 2302 722 2325 s.
751 2291 926 2332 Thomas,
955 2301 985 2325 2.
1014 2301 1046 2326 2.
1075 2302 1110 2337 q.
1146 2300 1222 2333 103.
1251 2302 1284 2326 a.
1316 2302 1343 2325 1.
1371 2290 1415 2324 ad
1461 2296 1522 2332 1¹¹¹„

101 2360 176 2384 non
202 2357 256 2382 est
286 2349 379 2384 idem
407 2350 503 2396 quod
528 2351 646 2385 honor.
672 2351 741 2386 Sed
768 2362 810 2385 ex
840 2363 908 2385 una
935 2360 1033 2396 parte
1067 2360 1118 2386 est
1158 2353 1315 2397 primum
1354 2351 1524 2384 motivum

98 2407 142 2441 ad
169 2407 440 2443 honorandum:
462 2409 676 2456 inquantum
695 2409 831 2443 scilicet
850 2410 978 2456 aliquis
998 2420 1041 2443 ex
1059 2410 1270 2453 reverentia,
1287 2421 1393 2455 quam
1413 2409 1522 2444 habet

93 2466 143 2501 -ad
170 2466 340 2514 aliquem,
368 2479 451 2502 eum
478 2468 646 2503 honorat.
672 2469 723 2504 Ex
749 2468 817 2503 alia
847 2479 932 2503 vero
959 2479 1059 2514 parte
1087 2478 1141 2503 est
1167 2468 1318 2503 honoris
1338 2467 1433 2514 finis:
1463 2469 1520 2502 in-

99 2535 273 2572 quantum
302 2526 436 2561 scilicet
463 2526 593 2573 aliquis
619 2526 662 2562 ad
680 2527 750 2562 hoc
768 2527 976 2568 honoratur,
995 2535 1032 2562 ut
1054 2528 1091 2561 in
1120 2529 1318 2562 reverentia
1345 2527 1522 2562 habeatur

98 2585 143 2620 ba
169 2585 260 2620 aliis.
277 2600 295 2617 ι»
