1737 2802
714 149 773 159 ''-
807 139 887 182 335
924 151 978 158 ··““

251 225 303 268 Π.
326 224 391 267 En
408 223 552 266 statim
571 221 741 265 obviam
764 235 1014 276 processere
1032 219 1384 269 Communistae‚
1401 220 1560 263 aientes

127 295 328 341 dominia
355 295 539 353 privata,
574 309 721 337 rerum
755 292 1010 350 praesertim
1043 290 1268 347 stabilium,
1290 307 1384 334 esse
1413 303 1562 334 contra

131 382 346 419 naturam,
380 381 489 424 quae
521 365 698 421 scilicet,
721 377 766 407 ut
790 364 870 422 ipsi
894 362 1180 414 contendunt,
1206 363 1350 406 solum
1374 362 1560 406 admittit

133 440 382 484 dominium
416 438 685 482 collectivum.
721 437 835 479 Hinc
867 437 909 478 in
953 435 1065 478 thesi
1110 436 1277 479 XXV².
1310 435 1419 478 hanc
1466 451 1563 478 sen-

129 513 312 555 tentiam
346 508 651 567 expendimus,
674 521 715 551 et
750 507 1014 551 contrarium
1051 506 1309 560 deteximus,
1332 522 1489 565 nempe
1515 522 1562 550 ea

132 599 214 627 esse
245 583 296 626 ab
329 583 417 640 ipsa
445 590 617 636 natura,
651 596 759 638 quae
783 594 830 621 ea
853 579 1035 621 omnino
1059 577 1280 636 approbat,
1302 591 1455 636 utpote
1478 594 1560 621 ne-

133 655 317 698 cessaria
350 653 401 697 ad
435 653 669 695 humanam
703 653 850 695 vitam.

252 726 326 769 III.
362 726 499 768 Porro
548 740 647 767 cum
696 740 783 766 non
833 724 995 777 omnia,
1044 738 1152 780 quae
1201 734 1300 765 sunt
1338 737 1360 764 a
1393 733 1562 777 natura,

136 813 224 841 uno
258 812 436 855 prorsus
471 795 716 853 eodemque
751 796 885 839 modo
919 795 968 838 ab
1003 811 1050 838 ea
1082 793 1334 852 procedant:
1375 793 1472 837 hinc
1520 795 1563 837 in

134 868 244 911 thesi
279 867 468 910 XXVF.
503 867 880 923 investigavimus,
919 865 1117 924 quomodo
1165 865 1346 908 dominia
1391 866 1564 923 privata

122 939 270 998 fluant
303 954 328 981 a
362 947 530 981 natura.
565 939 816 981 Invenimus
840 950 983 981 autem
1017 937 1178 980 actuale
1211 940 1277 980 ius
1312 938 1464 995 privati
1493 938 1564 981 ali-

136 1013 257 1054 cuius
291 1011 332 1052 in
368 1010 445 1052 hac
478 1009 543 1052 vel
578 1009 645 1052 illa
678 1009 880 1066 peculiari
915 1025 958 1052 re
1002 1024 1095 1052 esse
1128 1025 1148 1052 a
1186 1022 1335 1053 natura
1379 1010 1563 1053 mediate:

133 1095 176 1125 et
208 1081 314 1124 facta
347 1082 472 1123 etiam
502 1080 842 1137 assignavimus,
877 1095 1014 1122 unum
1044 1080 1349 1137 primigenium,
1384 1079 1463 1123 alia
1500 1081 1566 1124 de-

134 1153 293 1205 rivata,
328 1150 482 1209 quibus
517 1150 671 1194 mediis
706 1151 772 1193 ius
806 1151 848 1193 in
883 1149 960 1192 hac
991 1149 1059 1193 vel
1106 1150 1175 1192 illa
1208 1149 1487 1194 determinata
1519 1166 1565 1194 re

137 1223 384 1267 naturaliter
417 1224 643 1266 enascitur.

256 1295 332 1338 IV.
351 1318 354 1322 -
370 1295 483 1338 Cum
508 1307 648 1337 autem
676 1295 785 1337 inter
808 1293 929 1350 plura
948 1292 1054 1336 facta
1073 1293 1258 1336 derivata
1282 1295 1564 1352 praecipuum

134 1366 281 1408 locum
315 1377 487 1408 teneant
519 1374 772 1417 contractn5;
807 1364 906 1407 hinc
949 1365 992 1406 in
1040 1364 1151 1407 thesi
1186 1365 1398 1408 XXVIP.
1430 1366 1565 1409 tradi-

135 1435 281 1479 dimus
304 1452 458 1479 eorum
483 1436 758 1490 definitionem
782 1453 828 1479 ac
857 1437 1092 1488 divisiones,
1119 1453 1289 1480 necnon
1322 1438 1566 1483 conditiones

132 1523 188 1550 ex
220 1506 403 1550 naturali
438 1509 531 1550 iure
564 1508 823 1550 necessarias
859 1507 909 1550 ad
944 1523 1098 1550 eorum
1132 1507 1406 1553 validitatem.

257 1579 312 1621 V.
345 1581 402 1621 At
448 1579 564 1630 iura,
612 1594 718 1635 quae
769 1578 937 1620 homini
992 1591 1272 1636 competunt,
1324 1580 1566 1623 necessario

135 1661 237 1692 sunt
271 1650 394 1691 certis
429 1650 753 1707 circumscripta
787 1649 982 1692 confiniis
1016 1666 1090 1693 seu
1130 1650 1354 1708 limiribus3
1391 1651 1490 1694 hinc
1522 1653 1566 1695 in

134 1721 247 1764 thesi
283 1721 509 1764 XXVHF.
545 1721 871 1771 declaravimus,
903 1723 1074 1778 quinam
1108 1737 1191 1765 non
1219 1723 1299 1766 sint
1332 1733 1368 1766 et
1392 1725 1566 1782 quinam

136 1794 220 1837 sint
250 1793 420 1836 dominii
447 1795 613 1851 privati
636 1793 744 1851 fines
777 1808 844 1836 sen
878 1794 1050 1836 termini.
1076 1793 1185 1836 Illud
1219 1807 1362 1837 autem
1387 1794 1566 1852 diligen-

133 1877 206 1907 tur
239 1864 562 1922 perpendimus,
597 1876 742 1906 utrum
779 1865 1022 1922 inaequalis,
1058 1880 1165 1922 quae
1207 1866 1347 1922 viguit
1396 1881 1568 1924 semper

135 1948 179 1978 et
199 1936 333 1992 viget,
353 1935 568 1977 bonorum
597 1936 704 1977 inter
733 1935 924 1992 privatos
949 1937 1120 1992 partitio
1144 1937 1200 1980 sit
1225 1948 1372 1980 contra
1392 1953 1444 1980 an
1461 1953 1566 1981 vero

135 2007 283 2064 potius
317 2005 558 2049 secundum
594 2019 804 2048 naturam.

255 2078 332 2121 VI.
367 2078 450 2120 Hic
484 2090 625 2119 autem
649 2077 771 2119 nobis
807 2091 1087 2120 occurrerunt
1114 2079 1362 2122 Socialistae
1387 2081 1462 2137 (1¹2,
1488 2082 1563 2123 tri-

138 2147 316 2191 buentes
342 2164 567 2206 supremae
587 2150 825 2192 auctoritati
851 2149 995 2191 sociali
1020 2150 1253 2207 quamdam
1273 2151 1404 2194 veluti
1424 2153 1567 2195 omni-

137 2221 376 2277 potentiam
411 2222 453 2263 in
489 2222 648 2278 privata
682 2222 837 2263 civium
891 2221 1097 2265 dominia.
1145 2223 1266 2265 Hanc
1310 2225 1566 2266 sententiam

234 2405 285 2448 (1)
315 2404 370 2437 Nil
399 2404 553 2438 diximus
582 2405 623 2438 de
653 2406 835 2439 Ns'f‘,›.fls'‚·:is.
866 2406 906 2439 H?
938 2406 1074 2440 scilicet
1101 2407 1315 2450 (secundum
1357 2408 1567 2442 Arisrotelis

136 2465 243 2498 verba
273 2476 386 2508 stipe-r.
415 2465 520 2498 allata
548 2477 628 2509 pag.
666 2474 754 2509 107.)
785 2467 945 2509 indigent
971 2473 1091 2512 panti,
1120 2479 1192 2501 non
1222 2470 1365 2502 inuitum.
1394 2470 1567 2510 Quanam

136 2525 275 2558 ratione
303 2536 363 2557 scu
392 2536 550 2569 quonam
579 2538 621 2558 cx
650 2525 830 2570 principio
859 2526 971 2560 refelli
1000 2537 1160 2571 possent,
1190 2539 1270 2560 cum
1299 2539 1335 2561 se
1376 2528 1464 2562 nihil
1504 2529 1569 2562 ad-

138 2584 281 2618 mittere
307 2585 563 2629 profiteantur?
