1737 2802
772 109 1038 150 „300-

306 192 586 237 Recentiores
630 189 760 248 aliqui
809 192 1133 234 oeconomistae
1180 205 1354 249 agentes
1404 192 1456 237 de
1503 192 1616 237 facto

186 266 440 322 primigenio,
474 277 562 320 quo
595 261 810 305 mediante
844 263 886 304 in
920 261 1003 305 hoc
1037 262 1101 304 vel
1135 262 1208 307 illo
1244 263 1423 307 homine
1456 262 1618 308 actuale

192 336 438 379 dominium
480 335 537 376 rei
586 333 893 376 determinatae
942 334 1168 387 enascitur,
1202 335 1474 392 occupationis
1520 334 1618 378 loco

190 420 358 464 ponunt
391 406 582 449 laborem
617 422 692 449 seu
728 405 1001 462 industriam,
1035 406 1059 447 i.
1096 422 1130 448 e.
1164 407 1498 464 specificationem
1546 408 1622 450 rei.

190 479 238 524 Id
272 491 434 530 autem,
470 479 505 520 si
556 479 597 520 in
641 493 762 520 mero
811 490 986 521 naturae
1037 479 1128 521 iure
1177 480 1400 532 sistamus,
1451 480 1620 524 admitti

188 551 350 607 nequit.
386 549 525 593 Labor
559 550 674 592 enim
699 550 778 592 iste
803 550 1112 607 praesupponit
1146 549 1392 594 dominium
1428 553 1619 609 proprie-

188 623 283 664 tatis
319 623 360 665 in
396 623 637 671 materiam,
671 623 780 664 circa
814 637 942 679 quam
989 621 1198 666 industria
1246 622 1484 676 adhibetur,
1516 638 1621 667 nec-

189 709 277 737 non
312 694 353 735 in
388 694 688 746 instrumenta,
721 692 877 751 quibus
913 693 1062 737 eadem
1096 706 1335 738 exercetur.
1359 719 1415 728 -
1438 695 1620 752 Utique,

188 768 221 809 si
273 765 383 809 facto
433 765 651 822 legitimae
701 766 997 822 occupationis
1043 766 1102 808 rei
1151 765 1323 810 accedat
1356 767 1492 810 etiam*
1536 766 1621 809 hoc

188 837 303 881 aliud
338 836 497 880 factum
532 836 766 880 industriae
799 852 845 879 ac
879 836 1035 880 laboris
1071 838 1179 880 circa
1212 853 1302 880 rem
1353 837 1533 882 adhibiti
1567 839 1618 883 ad

187 924 344 953 novam
401 909 458 951 illi
508 910 695 965 speciem
749 925 823 951 seu
879 922 1163 966 augmentum
1218 910 1616 968 superaddendum,

185 995 401 1035 occupans
437 979 632 1023 validiori
667 995 712 1022 ac
747 980 906 1037 duplici
940 980 1130 1038 quodam
1170 981 1300 1024 titulo
1335 983 1399 1025 ius
1449 983 1492 1025 in
1525 999 1617 1027 rem

188 1051 302 1095 illam
338 1051 519 1094 habebit.
556 1051 683 1095 Unde
718 1053 907 1108 graviori
957 1051 1164 1095 afficietur
1197 1054 1367 1107 iniuria,
1400 1055 1435 1097 si
1485 1054 1533 1097 ab
1567 1070 1619 1098 eo

187 1141 252 1168 res
288 1124 355 1168 illa
389 1124 619 1168 auferatur:
652 1123 869 1181 siquidem
904 1125 999 1181 ipso
1034 1124 1174 1168 fructu
1209 1126 1276 1169 sui
1319 1127 1480 1182 ingenii
1514 1143 1617 1171 sua-

185 1212 374 1254 rumque
408 1212 619 1240 manuum
656 1196 904 1255 privabitur.

306 1270 379 1312 III.
416 1270 539 1311 Facta
573 1282 715 1312 autem
753 1269 1008 1327 secundaria,
1043 1269 1198 1327 quibus
1233 1286 1299 1313 res
1347 1287 1369 1314 a
1418 1270 1615 1316 dominio

184 1341 315 1383 unius
351 1342 500 1382 transit
535 1341 575 1382 in
611 1340 856 1383 dominium
896 1340 1085 1398 alterius,
1118 1353 1218 1384 suut
1262 1341 1526 1400 multiplicia.
1560 1368 1620 1374 —

152 1399 154 1401 Ι
187 1412 383 1463 Factum,
420 1427 507 1469 quo
541 1411 590 1454 ab
624 1427 712 1455 uno
747 1412 787 1453 in
822 1412 1005 1455 alterum
1055 1414 1205 1456 transit
1253 1413 1516 1471 dominium,
1549 1415 1619 1457 in-

186 1483 358 1527 terdum
383 1497 446 1526 est
471 1484 671 1527 derelictio
706 1484 781 1527 rei:
807 1483 979 1542 quando
1002 1484 1162 1528 scilicet
1186 1486 1351 1543 primus
1378 1501 1619 1544 possessor,

186 1556 404 1599 voluntate
440 1572 530 1598 rem
565 1555 644 1598 sibi
679 1555 889 1599 retinendi
935 1556 1144 1614 deposita,
1178 1556 1320 1600 abiicit
1369 1573 1476 1614 rem,
1510 1573 1618 1615 quae

186 1627 369 1685 proinde
404 1627 558 1670 dicitur
591 1626 778 1670 derelicta
813 1640 853 1670 et
886 1627 932 1669 fit
965 1629 1093 1685 primi
1128 1630 1394 1685 occupantis.

305 1702 361 1742 At
391 1699 565 1755 factum,
590 1715 663 1757 per
687 1699 805 1757 quod
838 1699 884 1741 fit
909 1699 1092 1743 dominii
1125 1701 1362 1755 translatio,
1389 1716 1452 1747 est
1475 1705 1618 1749 muito

188 1771 452 1829 frequentius
487 1780 717 1815 contractus
751 1771 920 1829 aliquis,
955 1771 1204 1816 donationis
1249 1790 1284 1817 e.
1319 1790 1361 1832 g.
1396 1775 1462 1818 vel
1509 1792 1618 1820 ven—

188 1843 377 1896 ditionis,
413 1860 511 1886 cum
546 1844 680 1886 altero
716 1844 847 1886 initus
882 1843 932 1887 ad
966 1859 1057 1887 rem
1107 1844 1374 1889 efficiendam
1422 1847 1618 1892 alienam.

185 1940 242 1948 —
277 1916 545 1959 Huiusmodi
581 1928 824 1958 contractus
869 1931 1101 1974 rerumque
1151 1919 1494 1974 permutationes
1542 1934 1617 1963 seu

185 1990 446 2032 commercia
469 2001 569 2031 sunt
593 2002 772 2045 prorsus
794 1988 1033 2030 secundum
1057 1992 1418 2047 naturam2primo
1441 1989 1616 2048 quidem

184 2062 284 2119 quia
319 2076 406 2103 non
430 2073 530 2103 sunt
563 2060 645 2102 nisi
669 2060 923 2103 exercitium
959 2061 1077 2114 iuris,
1103 2060 1221 2118 quod
1255 2060 1460 2105 dominus
1493 2078 1516 2105 a
1538 2078 1619 2105 na·

186 2146 280 2176 tura
313 2131 451 2186 habet,
487 2131 634 2175 utendi
671 2144 711 2175 et
745 2130 1005 2189 disponendi
1041 2131 1093 2175 de
1140 2148 1186 2175 re
1225 2148 1316 2189 sua,
1351 2146 1479 2190 prout
1511 2133 1616 2177 vult:

185 2203 376 2246 secundo
412 2216 570 2256 autem,
605 2204 704 2261 quia
737 2219 861 2260 saepe
895 2203 1126 2259 exiguntur
1160 2219 1181 2246 a
1207 2217 1355 2247 natura
1380 2204 1514 2262 fundi
1546 2217 1618 2248 aut

169 2274 408 2336 fructuum.
451 2274 687 2330 Nimirum,
721 2273 880 2316 fundus
931 2289 1055 2331 saepe
1088 2272 1135 2316 fit
1179 2275 1324 2331 primo
1374 2275 1616 2331 possessori

183 2346 326 2387 minus
363 2344 478 2387 utilis
513 2344 580 2388 vel
615 2346 742 2388 etiam
778 2345 952 2388 inutilis.
978 2346 1160 2388 Fructus
1194 2344 1442 2403 frequenter
1474 2346 1512 2388 ei
1546 2360 1616 2388 re-

181 2416 385 2461 dundant:
421 2432 575 2460 eorum
622 2419 751 2474 igitur
800 2430 965 2474 partem
1015 2416 1304 2475 suppeditabit
1353 2417 1491 2475 alteri,
1522 2416 1615 2459 aliis

182 2488 338 2547 quibus
373 2488 537 2545 indiget
563 2488 690 2532 rebus
724 2488 773 2532 ab
808 2504 860 2532 eo
896 2489 1095 2546 acceptis.

304 2561 501 2603 Dominii
535 2561 754 2604 translatio
804 2576 892 2604 non
942 2575 1114 2619 semper
1162 2572 1240 2614 est,
1278 2572 1323 2603 ut
1356 2559 1397 2602 in
1447 2557 1616 2602 duobus
