1737 2802
769 108 1035 150 -330-

188 208 310 235 suam
344 192 430 233 vim
467 190 540 232 sed
575 188 717 247 quoad
751 190 1002 232 exercitium
1029 191 1314 248 suspendatur
1350 193 1428 248 (Il,
1463 192 1547 235 iam
1570 192 1617 235 in

189 266 237 306 iis
272 263 481 306 adiunctis
515 262 705 319 acceptio
731 262 788 304 rei
815 261 925 304 illius
950 277 1037 304 non
1062 275 1125 304 est
1149 263 1316 317 iniuria,
1339 264 1616 321 quantumvis

189 337 394 378 dominus
429 335 482 376 sit
517 335 690 376 invitus:
726 333 940 390 siquidem
979 334 1135 376 iniuria
1169 349 1232 377 est
1265 335 1440 392 quidem
1484 334 1618 377 laesio

188 408 290 449 iuris
325 405 460 455 alieni,
495 404 567 448 sed
604 405 706 447 iuris
741 417 834 446 actu
869 404 1053 460 vigentis
1087 419 1304 461 suumque
1337 404 1405 448 hic
1437 417 1478 448 et
1501 420 1616 448 nunc

188 479 394 522 servantis
428 477 571 520 robur.

305 548 352 608 β)
387 548 507 591 Alter
542 547 700 591 modus
735 560 812 601 est,
847 563 936 590 rem
975 547 1153 590 alienam
1203 547 1437 591 auferendo
1480 556 1616 605 aperte

188 635 227 665 et
260 637 348 665 cum
383 621 597 675 violentia,
631 632 675 661 ut
711 618 870 661 faciunt
903 620 1070 662 viarum
1122 619 1389 673 obsessores,
1424 619 1497 676 qui
1532 634 1616 675 pu—

187 693 293 735 blice
326 704 365 735 et
399 707 473 748 per
506 692 594 732 vim
630 689 741 732 bona
774 691 989 732 viatorum
1036 689 1266 747 abripiunt.
1317 690 1415 732 Hoc
1464 688 1628 732 dicitur

189 765 364 822 proprie
395 764 562 820 rapina.
599 788 650 793 —-
689 763 867 819 Rapina,
905 774 950 803 ut
983 762 1065 803 iam
1101 762 1182 804 alio
1217 761 1312 804 loco
1346 760 1611 804 animadver-

187 839 320 879 timus
355 835 440 893 (2)‚
475 835 652 877 iniuriae
688 832 784 875 reali
810 849 883 875 seu
919 833 1099 875 iniustae
1124 832 1323 875 ablationi
1349 833 1408 875 rei
1442 831 1616 887 alienae,

187 908 302 950 addit
336 907 537 948 iniuriam
573 905 843 963 personalem
878 919 952 947 seu
1001 903 1252 946 violentiam
1302 918 1510 961 personae
1558 901 1615 944 il-

188 979 329 1021 latam.

309 1051 457 1107 Itaque
492 1047 656 1090 furtum
692 1060 733 1090 et
766 1048 911 1106 rapina
934 1060 1034 1090 sunt
1058 1047 1165 1090 duae
1187 1048 1350 1104 species
1383 1047 1617 1104 acceptionis

190 1123 366 1165 iniustae
400 1122 458 1163 rei
489 1120 660 1162 alienae.
687 1120 879 1176 Utraque
903 1119 1154 1176 prohibetur
1190 1120 1239 1161 iis
1273 1117 1430 1175 verbis,
1453 1134 1500 1161 ne
1520 1117 1619 1176 fur-

188 1203 276 1236 tum
310 1193 464 1250 facias.
501 1192 716 1244 Quamvis
751 1192 867 1234 enim
901 1190 1016 1233 hisce
1050 1191 1093 1232 in
1126 1189 1264 1233 verbis
1297 1205 1385 1233 non
1427 1189 1497 1232 fiat
1545 1205 1632 1233 ex-

188 1281 333 1322 pressa
367 1266 531 1307 mentio
567 1264 647 1306 nisi
682 1262 733 1306 de
768 1262 898 1319 furto,
933 1276 1074 1306 tamen
1111 1278 1211 1306 cum
1245 1261 1409 1305 furtum
1443 1263 1498 1314 sit
1533 1278 1619 1305 ma-

187 1337 276 1379 lum
313 1337 472 1392 minus,
507 1334 680 1393 quando
706 1335 789 1377 hoc
822 1347 1005 1391 vetatur,
1028 1351 1049 1376 a
1075 1333 1243 1377 fortiori
1267 1346 1431 1377 vetatur
1456 1335 1618 1392 rapina,

189 1424 296 1466 quae
330 1409 372 1450 in
406 1406 561 1450 eodem
597 1421 756 1464 genere
789 1418 852 1449 est
886 1406 1048 1448 malum
1081 1405 1197 1449 furto
1246 1407 1432 1463 gravius.
1482 1406 1621 1449 Porro

187 1479 583 1539 (quemadmodum
623 1478 673 1521 de
722 1478 960 1521 homicidio
1011 1478 1221 1536 diximus)
1255 1494 1350 1521 reus
1401 1477 1503 1521 furti
1550 1491 1623 1521 aut

191 1553 359 1609 rapinae
393 1565 472 1603 est,
511 1566 598 1593 non
632 1549 775 1593 solum
812 1551 862 1606 is,
889 1551 961 1608 qui
986 1550 1035 1593 ad
1072 1549 1173 1593 illud
1199 1566 1243 1593 se
1277 1550 1409 1594 habet·
1426 1561 1472 1592 ut
1496 1565 1621 1593 causa

185 1624 374 1682 physica,
411 1622 486 1665 sed
520 1622 553 1664 is
589 1622 732 1678 etiam,
766 1622 838 1679 qui
872 1621 922 1664 ad
956 1621 1060 1664 illud
1098 1634 1143 1664 ut
1177 1637 1299 1664 causa
1325 1622 1494 1666 moralis
1518 1636 1620 1665 coo-

189 1709 374 1755 peratur.
1466 1691 1471 1694 ’

311 1768 363 1810 Π.
398 1765 465 1809 Ad
500 1765 663 1808 furtum
698 1778 769 1808 aut
804 1764 854 1808 ad
889 1766 1080 1822 rapinam
1132 1764 1291 1807 multae
1338 1757 1441 1809 aliae
1489 1766 1623 1810 redu-

190 1853 346 1883 cuntur
380 1840 574 1882 iniuriae:
608 1836 659 1881 de
694 1838 932 1895 praecipuis
966 1836 1151 1880 breviter
1187 1836 1380 1880 dicemus
1414 1837 1489 1896 (3).

311 1917 352 1963 α)
387 1910 454 1954 Ad
488 1910 651 1953 furtum
686 1921 942 1952 revocantur
965 1923 1116 1952 omnes
1139 1908 1315 1966 fraudes
1347 1921 1387 1952 et
1419 1908 1520 1966 doli,
1548 1910 1623 1967 qui

288 2186 345 2231 (1)
370 2185 463 2221 Vide
490 2196 608 2231 super.
629 2185 726 2221 thes.
752 2185 826 2227 VL,
845 2183 881 2218 in
907 2196 975 2230 qua
995 2184 1038 2219 de
1065 2185 1239 2219 conflictu
1265 2196 1327 2220 seu
1347 2185 1540 2222 collisione
1567 2166 1641 2220 iu·-

192 2246 285 2279 rium
314 2245 480 2279 diximus.
509 2265 553 2272 ·-
581 2245 647 2280 His
672 2244 766 2281 solvi
794 2252 911 2290 potest
939 2245 1116 2290 quaestio,
1143 2249 1260 2278 utrum
1291 2245 1392 2280 liceat
1430 2257 1502 2280 rem
1539 2246 1632 2280 alie-

192 2315 271 2338 nam
296 2315 424 2338 sumere
451 2305 487 2338 in
515 2316 592 2339 casu
619 2309 787 2338 extremae
826 2304 1044 2338 necessitatis:
1075 2302 1118 2338 de
1145 2315 1213 2350 qua
1240 2303 1284 2338 cf.
1314 2315 1341 2340 s.
1361 2304 1561 2343 Thomam,
1589 2315 1624 2340 2.

193 2374 227 2399 2.
256 2375 290 2409 q,
317 2362 373 2397 66.
402 2375 433 2397 a.
460 2373 491 2408 7.

288 2422 342 2468 (2)
369 2422 441 2457 Csr.
469 2423 561 2457 thes.
588 2423 632 2458 II.
659 2433 741 2468 pag.
772 2430 825 2469 39.
853 2421 975 2457 adnot
1009 2433 1036 2456 1.

288 2482 343 2526 (3)
371 2480 444 2516 cfr.
472 2481 577 2516 Card.
605 2481 864 2516 Bellarminum
893 2490 927 2516 et
954 2492 981 2517 s.
1008 2480 1208 2525 Thomam,
1233 2490 1276 2517 tr.
1303 2481 1347 2516 de
1373 2481 1450 2517 dec.
1477 2491 1596 2527 praec.
