<?xml version="1.0" encoding="UTF-8"?>
<!DOCTYPE html PUBLIC "-//W3C//DTD XHTML 1.0 Transitional//EN"
    "http://www.w3.org/TR/xhtml1/DTD/xhtml1-transitional.dtd">
<html xmlns="http://www.w3.org/1999/xhtml" xml:lang="en" lang="en">
 <head>
  <title>
</title>
<meta http-equiv="Content-Type" content="text/html;charset=utf-8" />
  <meta name='ocr-system' content='tesseract 3.04.00' />
  <meta name='ocr-capabilities' content='ocr_page ocr_carea ocr_par ocr_line ocrx_word'/>
</head>
<body>
  <div class='ocr_page' id='page_1' title='image "./institutionesphi02ferr_0095.png"; bbox 0 0 1737 2802; ppageno 0'>
   <div class='ocr_carea' id='block_1_1' title="bbox 677 132 913 186">
    <p class='ocr_par' dir='ltr' id='par_1_1' title="bbox 677 132 913 186">
     <span class='ocr_line' id='line_1_1' title="bbox 677 132 913 186; baseline 0 -23"><span class='ocrx_word' id='word_1_1' title='bbox 677 132 913 186; x_wconf 75' lang='lat'>—89-</span> 
     </span>
    </p>
   </div>
   <div class='ocr_carea' id='block_1_2' title="bbox 70 223 1506 710">
    <p class='ocr_par' dir='ltr' id='par_1_2' title="bbox 70 223 1506 710">
     <span class='ocr_line' id='line_1_2' title="bbox 79 223 1502 282; baseline 0 -14"><span class='ocrx_word' id='word_1_2' title='bbox 79 235 249 268; x_wconf 88' lang='lat' dir='ltr'><strong>tantum</strong></span> <span class='ocrx_word' id='word_1_3' title='bbox 281 224 416 267; x_wconf 89' lang='lat' dir='ltr'><strong>homo</strong></span> <span class='ocrx_word' id='word_1_4' title='bbox 450 224 516 267; x_wconf 85' lang='lat' dir='ltr'><strong>ius</strong></span> <span class='ocrx_word' id='word_1_5' title='bbox 551 223 676 267; x_wconf 88' lang='lat' dir='ltr'><strong>habet</strong></span> <span class='ocrx_word' id='word_1_6' title='bbox 707 225 920 282; x_wconf 78' lang='lat' dir='ltr'><strong>exigendi,</strong></span> <span class='ocrx_word' id='word_1_7' title='bbox 953 241 1006 268; x_wconf 92' lang='lat' dir='ltr'><strong>ne</strong></span> <span class='ocrx_word' id='word_1_8' title='bbox 1039 225 1140 282; x_wconf 85' lang='lat' dir='ltr'><strong>quis</strong></span> <span class='ocrx_word' id='word_1_9' title='bbox 1177 225 1217 266; x_wconf 87' lang='lat' dir='ltr'><strong>vi</strong></span> <span class='ocrx_word' id='word_1_10' title='bbox 1252 224 1426 282; x_wconf 83' lang='lat' dir='ltr'><strong>physica</strong></span> <span class='ocrx_word' id='word_1_11' title='bbox 1481 241 1502 268; x_wconf 87' lang='lat' dir='ltr'><strong>a</strong></span> 
     </span>
     <span class='ocr_line' id='line_1_3' title="bbox 70 294 1501 354; baseline -0.001 -14"><span class='ocrx_word' id='word_1_12' title='bbox 70 311 117 340; x_wconf 86' lang='lat' dir='ltr'><strong>se</strong></span> <span class='ocrx_word' id='word_1_13' title='bbox 148 294 325 352; x_wconf 83' lang='lat' dir='ltr'><strong>auferat,</strong></span> <span class='ocrx_word' id='word_1_14' title='bbox 343 311 377 339; x_wconf 92' lang='lat' dir='ltr'><strong>e.</strong></span> <span class='ocrx_word' id='word_1_15' title='bbox 414 312 454 352; x_wconf 83' lang='lat' dir='ltr'><strong>g.</strong></span> <span class='ocrx_word' id='word_1_16' title='bbox 489 295 601 338; x_wconf 86' lang='lat' dir='ltr'><strong>hunc</strong></span> <span class='ocrx_word' id='word_1_17' title='bbox 634 295 805 353; x_wconf 89' lang='lat' dir='ltr'><strong>librum,</strong></span> <span class='ocrx_word' id='word_1_18' title='bbox 841 297 883 339; x_wconf 90' lang='lat' dir='ltr'><strong>in</strong></span> <span class='ocrx_word' id='word_1_19' title='bbox 916 308 1125 354; x_wconf 87' lang='lat' dir='ltr'><strong>quantum</strong></span> <span class='ocrx_word' id='word_1_20' title='bbox 1153 295 1275 338; x_wconf 87' lang='lat' dir='ltr'><strong>habet</strong></span> <span class='ocrx_word' id='word_1_21' title='bbox 1310 297 1352 338; x_wconf 87' lang='lat' dir='ltr'><strong>in</strong></span> <span class='ocrx_word' id='word_1_22' title='bbox 1387 295 1501 339; x_wconf 86' lang='lat' dir='ltr'><strong>hunc</strong></span> 
     </span>
     <span class='ocr_line' id='line_1_4' title="bbox 72 366 1503 424; baseline -0.001 -14"><span class='ocrx_word' id='word_1_23' title='bbox 72 366 228 410; x_wconf 87' lang='lat' dir='ltr'><strong>librum</strong></span> <span class='ocrx_word' id='word_1_24' title='bbox 263 367 345 421; x_wconf 87' lang='lat' dir='ltr'><strong>ius,</strong></span> <span class='ocrx_word' id='word_1_25' title='bbox 365 381 440 409; x_wconf 86' lang='lat' dir='ltr'><strong>seu</strong></span> <span class='ocrx_word' id='word_1_26' title='bbox 475 368 573 424; x_wconf 84' lang='lat' dir='ltr'><strong>quia</strong></span> <span class='ocrx_word' id='word_1_27' title='bbox 606 366 674 409; x_wconf 85' lang='lat' dir='ltr'><strong>hic</strong></span> <span class='ocrx_word' id='word_1_28' title='bbox 707 367 811 410; x_wconf 75' lang='lat' dir='ltr'><strong>liber</strong></span> <span class='ocrx_word' id='word_1_29' title='bbox 844 380 906 410; x_wconf 92' lang='lat' dir='ltr'><strong>est</strong></span> <span class='ocrx_word' id='word_1_30' title='bbox 939 382 1056 410; x_wconf 85' lang='lat' dir='ltr'><strong>suus:</strong></span> <span class='ocrx_word' id='word_1_31' title='bbox 1083 367 1222 409; x_wconf 87' lang='lat' dir='ltr'><strong>sinon</strong></span> <span class='ocrx_word' id='word_1_32' title='bbox 1248 380 1357 409; x_wconf 89' lang='lat' dir='ltr'><strong>esset</strong></span> <span class='ocrx_word' id='word_1_33' title='bbox 1382 382 1503 422; x_wconf 83' lang='lat' dir='ltr'><strong>suus,</strong></span> 
     </span>
     <span class='ocr_line' id='line_1_5' title="bbox 74 435 1506 495; baseline -0.002 -13"><span class='ocrx_word' id='word_1_34' title='bbox 74 437 150 482; x_wconf 88' lang='lat' dir='ltr'><strong>sed</strong></span> <span class='ocrx_word' id='word_1_35' title='bbox 183 437 361 494; x_wconf 85' lang='lat' dir='ltr'><strong>alienus,</strong></span> <span class='ocrx_word' id='word_1_36' title='bbox 384 452 471 481; x_wconf 92' lang='lat' dir='ltr'><strong>non</strong></span> <span class='ocrx_word' id='word_1_37' title='bbox 493 437 663 480; x_wconf 86' lang='lat' dir='ltr'><strong>haberet</strong></span> <span class='ocrx_word' id='word_1_38' title='bbox 684 438 775 481; x_wconf 32' lang='lat' dir='ltr'><strong>*tale</strong></span> <span class='ocrx_word' id='word_1_39' title='bbox 809 440 873 481; x_wconf 85' lang='lat' dir='ltr'><strong>ius</strong></span> <span class='ocrx_word' id='word_1_40' title='bbox 908 453 1009 495; x_wconf 86' lang='lat' dir='ltr'><strong>erga</strong></span> <span class='ocrx_word' id='word_1_41' title='bbox 1039 437 1282 495; x_wconf 84' lang='lat' dir='ltr'><strong>legitimum</strong></span> <span class='ocrx_word' id='word_1_42' title='bbox 1316 435 1409 479; x_wconf 84' lang='lat' dir='ltr'>libri</span> <span class='ocrx_word' id='word_1_43' title='bbox 1451 437 1506 479; x_wconf 89' lang='lat' dir='ltr'><strong>il-</strong></span> 
     </span>
     <span class='ocr_line' id='line_1_6' title="bbox 70 508 1506 567; baseline -0.001 -15"><span class='ocrx_word' id='word_1_44' title='bbox 70 509 153 553; x_wconf 87' lang='lat' dir='ltr'><strong>lius</strong></span> <span class='ocrx_word' id='word_1_45' title='bbox 186 508 429 552; x_wconf 89' lang='lat' dir='ltr'><strong>dominum.</strong></span> <span class='ocrx_word' id='word_1_46' title='bbox 466 509 596 566; x_wconf 86' lang='lat' dir='ltr'>Atqui</span> <span class='ocrx_word' id='word_1_47' title='bbox 632 508 691 562; x_wconf 89' lang='lat' dir='ltr'><strong>id,</strong></span> <span class='ocrx_word' id='word_1_48' title='bbox 727 509 843 567; x_wconf 83' lang='lat' dir='ltr'><strong>quod</strong></span> <span class='ocrx_word' id='word_1_49' title='bbox 883 510 1020 553; x_wconf 86' lang='lat' dir='ltr'><strong>laesor</strong></span> <span class='ocrx_word' id='word_1_50' title='bbox 1053 508 1229 552; x_wconf 84' lang='lat' dir='ltr'><strong>reddere</strong></span> <span class='ocrx_word' id='word_1_51' title='bbox 1279 523 1366 551; x_wconf 89' lang='lat' dir='ltr'><strong>non</strong></span> <span class='ocrx_word' id='word_1_52' title='bbox 1399 508 1506 561; x_wconf 78' lang='lat' dir='ltr'><strong>vult,</strong></span> 
     </span>
     <span class='ocr_line' id='line_1_7' title="bbox 72 579 1505 638; baseline -0.002 -14"><span class='ocrx_word' id='word_1_53' title='bbox 72 594 161 624; x_wconf 90' lang='lat' dir='ltr'><strong>non</strong></span> <span class='ocrx_word' id='word_1_54' title='bbox 192 593 256 623; x_wconf 89' lang='lat' dir='ltr'><strong>est</strong></span> <span class='ocrx_word' id='word_1_55' title='bbox 289 581 422 638; x_wconf 89' lang='lat' dir='ltr'><strong>ipsius</strong></span> <span class='ocrx_word' id='word_1_56' title='bbox 459 579 532 623; x_wconf 89' lang='lat' dir='ltr'><strong>sed</strong></span> <span class='ocrx_word' id='word_1_57' title='bbox 565 580 753 632; x_wconf 84' lang='lat' dir='ltr'><strong>alterius,</strong></span> <span class='ocrx_word' id='word_1_58' title='bbox 803 581 916 624; x_wconf 84' lang='lat' dir='ltr'><strong>illius</strong></span> <span class='ocrx_word' id='word_1_59' title='bbox 969 597 1125 638; x_wconf 86' lang='lat' dir='ltr'><strong>nempe</strong></span> <span class='ocrx_word' id='word_1_60' title='bbox 1178 581 1252 638; x_wconf 89' lang='lat' dir='ltr'><strong>qui</strong></span> <span class='ocrx_word' id='word_1_61' title='bbox 1306 580 1505 622; x_wconf 87' lang='lat' dir='ltr'><strong>iniuriam</strong></span> 
     </span>
     <span class='ocr_line' id='line_1_8' title="bbox 73 650 1504 710; baseline -0.001 -15"><span class='ocrx_word' id='word_1_62' title='bbox 73 667 222 710; x_wconf 83' lang='lat' dir='ltr'><strong>passus</strong></span> <span class='ocrx_word' id='word_1_63' title='bbox 256 664 334 695; x_wconf 91' lang='lat' dir='ltr'><strong>est.</strong></span> <span class='ocrx_word' id='word_1_64' title='bbox 369 652 485 709; x_wconf 83' lang='lat' dir='ltr'><strong>Ergo</strong></span> <span class='ocrx_word' id='word_1_65' title='bbox 519 651 656 694; x_wconf 79' lang='lat' dir='ltr'><strong>laesor</strong></span> <span class='ocrx_word' id='word_1_66' title='bbox 704 668 789 694; x_wconf 86' lang='lat' dir='ltr'><strong>non</strong></span> <span class='ocrx_word' id='word_1_67' title='bbox 826 652 949 695; x_wconf 83' lang='lat' dir='ltr'><strong>habet</strong></span> <span class='ocrx_word' id='word_1_68' title='bbox 1002 653 1066 695; x_wconf 84' lang='lat' dir='ltr'><strong>ius</strong></span> <span class='ocrx_word' id='word_1_69' title='bbox 1109 651 1157 695; x_wconf 88' lang='lat' dir='ltr'><strong>ab</strong></span> <span class='ocrx_word' id='word_1_70' title='bbox 1197 668 1248 695; x_wconf 90' lang='lat' dir='ltr'><strong>eo</strong></span> <span class='ocrx_word' id='word_1_71' title='bbox 1292 650 1504 708; x_wconf 85' lang='lat' dir='ltr'><strong>exigendi,</strong></span> 
     </span>
    </p>
   </div>
   <div class='ocr_carea' id='block_1_3' title="bbox 67 727 1512 1567">
    <p class='ocr_par' dir='ltr' id='par_1_3' title="bbox 71 727 1384 786">
     <span class='ocr_line' id='line_1_9' title="bbox 71 727 1384 786; baseline 0 -16"><span class='ocrx_word' id='word_1_72' title='bbox 71 742 126 771; x_wconf 90' lang='lat' dir='ltr'><strong>ne</strong></span> <span class='ocrx_word' id='word_1_73' title='bbox 158 728 226 771; x_wconf 85' lang='lat' dir='ltr'><strong>ille</strong></span> <span class='ocrx_word' id='word_1_74' title='bbox 259 743 334 786; x_wconf 89' lang='lat' dir='ltr'><strong>per</strong></span> <span class='ocrx_word' id='word_1_75' title='bbox 367 729 454 771; x_wconf 83' lang='lat' dir='ltr'><strong>vim</strong></span> <span class='ocrx_word' id='word_1_76' title='bbox 491 727 713 785; x_wconf 79' lang='lat' dir='ltr'>physicam</span> <span class='ocrx_word' id='word_1_77' title='bbox 738 741 896 785; x_wconf 88' lang='lat' dir='ltr'><strong>repetat</strong></span> <span class='ocrx_word' id='word_1_78' title='bbox 931 728 969 771; x_wconf 93' lang='lat' dir='ltr'><strong>id</strong></span> <span class='ocrx_word' id='word_1_79' title='bbox 1005 728 1122 786; x_wconf 87' lang='lat' dir='ltr'><strong>quod</strong></span> <span class='ocrx_word' id='word_1_80' title='bbox 1146 741 1208 771; x_wconf 77' lang='lat' dir='ltr'><strong>est</strong></span> <span class='ocrx_word' id='word_1_81' title='bbox 1241 743 1384 771; x_wconf 87' lang='lat' dir='ltr'><strong>suum.</strong></span> 
     </span>
    </p>

    <p class='ocr_par' dir='ltr' id='par_1_4' title="bbox 70 798 1504 986">
     <span class='ocr_line' id='line_1_10' title="bbox 194 798 1498 858; baseline -0.002 -15"><span class='ocrx_word' id='word_1_82' title='bbox 194 801 278 843; x_wconf 89' lang='lat' dir='ltr'><strong>Hic</strong></span> <span class='ocrx_word' id='word_1_83' title='bbox 311 812 454 843; x_wconf 86' lang='lat' dir='ltr'><strong>autem</strong></span> <span class='ocrx_word' id='word_1_84' title='bbox 488 801 696 856; x_wconf 87' lang='lat' dir='ltr'><strong>sistimus,</strong></span> <span class='ocrx_word' id='word_1_85' title='bbox 733 800 851 858; x_wconf 87' lang='lat' dir='ltr'><strong>plura</strong></span> <span class='ocrx_word' id='word_1_86' title='bbox 886 800 1012 857; x_wconf 85' lang='lat' dir='ltr'><strong>paulo</strong></span> <span class='ocrx_word' id='word_1_87' title='bbox 1047 799 1223 843; x_wconf 87' lang='lat' dir='ltr'><strong>inferius</strong></span> <span class='ocrx_word' id='word_1_88' title='bbox 1259 799 1412 842; x_wconf 87' lang='lat' dir='ltr'><strong>dicturi</strong></span> <span class='ocrx_word' id='word_1_89' title='bbox 1447 798 1498 841; x_wconf 90' lang='lat' dir='ltr'><strong>de</strong></span> 
     </span>
     <span class='ocr_line' id='line_1_11' title="bbox 70 869 1504 929; baseline -0.002 -15"><span class='ocrx_word' id='word_1_90' title='bbox 70 869 325 929; x_wconf 77' lang='lat' dir='ltr'><strong>specialibus,</strong></span> <span class='ocrx_word' id='word_1_91' title='bbox 358 886 464 928; x_wconf 86' lang='lat' dir='ltr'><strong>quae</strong></span> <span class='ocrx_word' id='word_1_92' title='bbox 499 873 662 914; x_wconf 88' lang='lat' dir='ltr'><strong>moveri</strong></span> <span class='ocrx_word' id='word_1_93' title='bbox 702 883 899 928; x_wconf 78' lang='lat' dir='ltr'>possunt,</span> <span class='ocrx_word' id='word_1_94' title='bbox 923 870 1262 929; x_wconf 78' lang='lat' dir='ltr'><strong>quaestionibus,</strong></span> <span class='ocrx_word' id='word_1_95' title='bbox 1296 871 1412 913; x_wconf 84' lang='lat' dir='ltr'><strong>Haec</strong></span> <span class='ocrx_word' id='word_1_96' title='bbox 1435 871 1504 912; x_wconf 90' lang='lat' dir='ltr'><strong>in-</strong></span> 
     </span>
     <span class='ocr_line' id='line_1_12' title="bbox 79 938 649 986; baseline 0 0"><span class='ocrx_word' id='word_1_97' title='bbox 79 941 205 986; x_wconf 87' lang='lat' dir='ltr'><strong>terim</strong></span> <span class='ocrx_word' id='word_1_98' title='bbox 241 938 649 986; x_wconf 65' lang='lat' dir='ltr'><strong>animadvertantur.</strong></span> 
     </span>
    </p>

    <p class='ocr_par' dir='ltr' id='par_1_5' title="bbox 67 1013 1512 1567">
     <span class='ocr_line' id='line_1_13' title="bbox 193 1013 1500 1072; baseline -0.002 -15"><span class='ocrx_word' id='word_1_99' title='bbox 193 1015 239 1070; x_wconf 80' lang='grc' dir='ltr'><strong>α)</strong></span> <span class='ocrx_word' id='word_1_100' title='bbox 273 1013 510 1066; x_wconf 85' lang='lat' dir='ltr'><strong>Vocabula,</strong></span> <span class='ocrx_word' id='word_1_101' title='bbox 547 1015 701 1072; x_wconf 85' lang='lat' dir='ltr'><strong>quibus</strong></span> <span class='ocrx_word' id='word_1_102' title='bbox 752 1016 816 1057; x_wconf 87' lang='lat' dir='ltr'><strong>usi</strong></span> <span class='ocrx_word' id='word_1_103' title='bbox 851 1030 1016 1071; x_wconf 87' lang='lat' dir='ltr'><strong>sumus,</strong></span> <span class='ocrx_word' id='word_1_104' title='bbox 1052 1016 1254 1071; x_wconf 74' lang='lat' dir='ltr'><strong>reparatio</strong></span> <span class='ocrx_word' id='word_1_105' title='bbox 1289 1029 1364 1056; x_wconf 87' lang='lat' dir='ltr'><strong>seu</strong></span> <span class='ocrx_word' id='word_1_106' title='bbox 1389 1029 1500 1056; x_wconf 80' lang='lat' dir='ltr'><strong>com-</strong></span> 
     </span>
     <span class='ocr_line' id='line_1_14' title="bbox 67 1085 1504 1143; baseline -0.001 -15"><span class='ocrx_word' id='word_1_107' title='bbox 67 1086 269 1143; x_wconf 80' lang='lat' dir='ltr'><strong>pensatio,</strong></span> <span class='ocrx_word' id='word_1_108' title='bbox 305 1086 499 1142; x_wconf 80' lang='lat' dir='ltr'><strong>genei·ica</strong></span> <span class='ocrx_word' id='word_1_109' title='bbox 536 1099 648 1129; x_wconf 88' lang='lat' dir='ltr'><strong>sunt.</strong></span> <span class='ocrx_word' id='word_1_110' title='bbox 684 1086 855 1143; x_wconf 79' lang='lat' dir='ltr'><strong>Duplex</strong></span> <span class='ocrx_word' id='word_1_111' title='bbox 878 1088 991 1128; x_wconf 80' lang='lat' dir='ltr'><strong>enim</strong></span> <span class='ocrx_word' id='word_1_112' title='bbox 1020 1085 1226 1142; x_wconf 82' lang='lat' dir='ltr'><strong>distingui</strong></span> <span class='ocrx_word' id='word_1_113' title='bbox 1261 1097 1401 1141; x_wconf 88' lang='lat' dir='ltr'><strong>potest</strong></span> <span class='ocrx_word' id='word_1_114' title='bbox 1435 1100 1504 1127; x_wconf 86' lang='lat' dir='ltr'><strong>re-</strong></span> 
     </span>
     <span class='ocr_line' id='line_1_15' title="bbox 79 1157 1506 1215; baseline 0.001 -16"><span class='ocrx_word' id='word_1_115' title='bbox 79 1157 239 1214; x_wconf 87' lang='lat' dir='ltr'><strong>paratio</strong></span> <span class='ocrx_word' id='word_1_116' title='bbox 263 1172 336 1200; x_wconf 90' lang='lat' dir='ltr'><strong>seu</strong></span> <span class='ocrx_word' id='word_1_117' title='bbox 360 1158 655 1215; x_wconf 75' lang='lat' dir='ltr'><strong>compensatio</strong></span> <span class='ocrx_word' id='word_1_118' title='bbox 681 1159 874 1210; x_wconf 85' lang='lat' dir='ltr'><strong>iniuriae,</strong></span> <span class='ocrx_word' id='word_1_119' title='bbox 896 1159 1094 1201; x_wconf 62' lang='lat' dir='ltr'><strong>restitutio</strong></span> <span class='ocrx_word' id='word_1_120' title='bbox 1119 1170 1158 1199; x_wconf 87' lang='lat' dir='ltr'><strong>et</strong></span> <span class='ocrx_word' id='word_1_121' title='bbox 1182 1157 1410 1214; x_wconf 73' lang='lat' dir='ltr'><strong>satisfactio</strong></span> <span class='ocrx_word' id='word_1_122' title='bbox 1431 1157 1506 1215; x_wconf 86' lang='grc' dir='ltr'>(Ι).</span> 
     </span>
     <span class='ocr_line' id='line_1_16' title="bbox 74 1227 1499 1286; baseline 0 -16"><span class='ocrx_word' id='word_1_123' title='bbox 74 1227 200 1271; x_wconf 87' lang='lat' dir='ltr'><strong>Prior</strong></span> <span class='ocrx_word' id='word_1_124' title='bbox 233 1227 298 1271; x_wconf 86' lang='lat' dir='ltr'><strong>illa</strong></span> <span class='ocrx_word' id='word_1_125' title='bbox 331 1241 394 1271; x_wconf 92' lang='lat' dir='ltr'><strong>est</strong></span> <span class='ocrx_word' id='word_1_126' title='bbox 420 1229 627 1286; x_wconf 80' lang='lat' dir='ltr'><strong>reparatio</strong></span> <span class='ocrx_word' id='word_1_127' title='bbox 651 1229 793 1272; x_wconf 62' lang='lat' dir='ltr'><strong>damni</strong></span> <span class='ocrx_word' id='word_1_128' title='bbox 816 1228 928 1271; x_wconf 88' lang='lat' dir='ltr'><strong>illati:</strong></span> <span class='ocrx_word' id='word_1_129' title='bbox 955 1228 1082 1272; x_wconf 85' lang='lat' dir='ltr'><strong>altera</strong></span> <span class='ocrx_word' id='word_1_130' title='bbox 1114 1241 1177 1271; x_wconf 84' lang='lat' dir='ltr'><strong>est</strong></span> <span class='ocrx_word' id='word_1_131' title='bbox 1202 1229 1499 1285; x_wconf 83' lang='lat' dir='ltr'><strong>compensatio</strong></span> 
     </span>
     <span class='ocr_line' id='line_1_17' title="bbox 78 1298 1506 1358; baseline 0 -16"><span class='ocrx_word' id='word_1_132' title='bbox 78 1298 248 1357; x_wconf 74' lang='lat' dir='ltr'><strong>offensae</strong></span> <span class='ocrx_word' id='word_1_133' title='bbox 268 1299 416 1342; x_wconf 87' lang='lat' dir='ltr'><strong>illatae.</strong></span> <span class='ocrx_word' id='word_1_134' title='bbox 442 1301 638 1343; x_wconf 78' lang='lat' dir='ltr'><strong>Iamvero</strong></span> <span class='ocrx_word' id='word_1_135' title='bbox 663 1316 769 1358; x_wconf 85' lang='lat' dir='ltr'><strong>quae</strong></span> <span class='ocrx_word' id='word_1_136' title='bbox 794 1302 971 1343; x_wconf 89' lang='lat' dir='ltr'><strong>iniuriae</strong></span> <span class='ocrx_word' id='word_1_137' title='bbox 1013 1315 1099 1343; x_wconf 85' lang='lat' dir='ltr'><strong>non</strong></span> <span class='ocrx_word' id='word_1_138' title='bbox 1125 1299 1259 1343; x_wconf 87' lang='lat' dir='ltr'><strong>modo</strong></span> <span class='ocrx_word' id='word_1_139' title='bbox 1297 1299 1506 1343; x_wconf 87' lang='lat' dir='ltr'><strong>offensam</strong></span> 
     </span>
     <span class='ocr_line' id='line_1_18' title="bbox 87 1368 1502 1429; baseline 0 -17"><span class='ocrx_word' id='word_1_140' title='bbox 87 1368 271 1413; x_wconf 82' lang='lat' dir='ltr'><strong>inferunt</strong></span> <span class='ocrx_word' id='word_1_141' title='bbox 310 1369 443 1423; x_wconf 85' lang='lat' dir='ltr'><strong>alteri,</strong></span> <span class='ocrx_word' id='word_1_142' title='bbox 481 1371 555 1414; x_wconf 91' lang='lat' dir='ltr'><strong>sed</strong></span> <span class='ocrx_word' id='word_1_143' title='bbox 605 1373 731 1414; x_wconf 87' lang='lat' dir='ltr'><strong>etiam</strong></span> <span class='ocrx_word' id='word_1_144' title='bbox 767 1371 989 1428; x_wconf 81' lang='lat' dir='ltr'><strong>damnum,</strong></span> <span class='ocrx_word' id='word_1_145' title='bbox 1034 1371 1197 1414; x_wconf 88' lang='lat' dir='ltr'><strong>bonum</strong></span> <span class='ocrx_word' id='word_1_146' title='bbox 1255 1370 1429 1429; x_wconf 85' lang='lat' dir='ltr'><strong>aliquod</strong></span> <span class='ocrx_word' id='word_1_147' title='bbox 1482 1385 1502 1412; x_wconf 86' lang='lat' dir='ltr'><strong>a</strong></span> 
     </span>
     <span class='ocr_line' id='line_1_19' title="bbox 85 1441 1507 1499; baseline 0 -16"><span class='ocrx_word' id='word_1_148' title='bbox 85 1442 286 1498; x_wconf 84' lang='lat' dir='ltr'><strong>proximo</strong></span> <span class='ocrx_word' id='word_1_149' title='bbox 306 1441 495 1485; x_wconf 71' lang='lat' dir='ltr'><strong>demendo</strong></span> <span class='ocrx_word' id='word_1_150' title='bbox 519 1443 594 1498; x_wconf 84' lang='lat'>(2),</span> <span class='ocrx_word' id='word_1_151' title='bbox 618 1459 688 1486; x_wconf 91' lang='lat' dir='ltr'><strong>eae</strong></span> <span class='ocrx_word' id='word_1_152' title='bbox 713 1442 919 1486; x_wconf 87' lang='lat' dir='ltr'><strong>inducunt</strong></span> <span class='ocrx_word' id='word_1_153' title='bbox 943 1458 1053 1485; x_wconf 88' lang='lat' dir='ltr'><strong>onus</strong></span> <span class='ocrx_word' id='word_1_154' title='bbox 1073 1444 1352 1495; x_wconf 73' lang='lat' dir='ltr'><strong>restitutionis,</strong></span> <span class='ocrx_word' id='word_1_155' title='bbox 1377 1441 1507 1499; x_wconf 88' lang='lat' dir='ltr'><strong>idque</strong></span> 
     </span>
     <span class='ocr_line' id='line_1_20' title="bbox 92 1513 1512 1567; baseline 0 -12"><span class='ocrx_word' id='word_1_156' title='bbox 92 1513 219 1555; x_wconf 87' lang='lat' dir='ltr'><strong>etiam</strong></span> <span class='ocrx_word' id='word_1_157' title='bbox 255 1525 350 1555; x_wconf 88' lang='lat' dir='ltr'><strong>ante</strong></span> <span class='ocrx_word' id='word_1_158' title='bbox 384 1515 638 1557; x_wconf 85' lang='lat' dir='ltr'><strong>sententiam</strong></span> <span class='ocrx_word' id='word_1_159' title='bbox 675 1514 840 1557; x_wconf 85' lang='lat' dir='ltr'><strong>iudicis.</strong></span> <span class='ocrx_word' id='word_1_160' title='bbox 878 1515 1002 1567; x_wconf 84' lang='lat' dir='ltr'><strong>Quae</strong></span> <span class='ocrx_word' id='word_1_161' title='bbox 1036 1526 1179 1557; x_wconf 89' lang='lat' dir='ltr'><strong>autem</strong></span> <span class='ocrx_word' id='word_1_162' title='bbox 1213 1514 1390 1556; x_wconf 89' lang='lat' dir='ltr'><strong>iniuriae</strong></span> <span class='ocrx_word' id='word_1_163' title='bbox 1424 1527 1512 1555; x_wconf 88' lang='lat' dir='ltr'><strong>non</strong></span> 
     </span>
    </p>
   </div>
   <div class='ocr_carea' id='block_1_4' title="bbox 36 1688 1518 2630">
    <p class='ocr_par' dir='ltr' id='par_1_6' title="bbox 36 1688 1518 2509">
     <span class='ocr_line' id='line_1_21' title="bbox 171 1688 1512 1736; baseline 0 -13"><span class='ocrx_word' id='word_1_164' title='bbox 171 1689 224 1734; x_wconf 89' lang='lat'><strong>(1)</strong></span> <span class='ocrx_word' id='word_1_165' title='bbox 250 1689 344 1735; x_wconf 87' lang='lat' dir='ltr'><strong>Apte</strong></span> <span class='ocrx_word' id='word_1_166' title='bbox 371 1689 528 1736; x_wconf 84' lang='lat' dir='ltr'><strong>Struggl,</strong></span> <span class='ocrx_word' id='word_1_167' title='bbox 559 1689 670 1725; x_wconf 76' lang='lat' dir='ltr'><strong>theol.</strong></span> <span class='ocrx_word' id='word_1_168' title='bbox 699 1701 788 1725; x_wconf 87' lang='lat' dir='ltr'><strong>mor.</strong></span> <span class='ocrx_word' id='word_1_169' title='bbox 816 1699 917 1724; x_wconf 83' lang='lat' dir='ltr'><strong>tract.</strong></span> <span class='ocrx_word' id='word_1_170' title='bbox 945 1690 1005 1724; x_wconf 93' lang='lat' dir='ltr'><strong>VI.</strong></span> <span class='ocrx_word' id='word_1_171' title='bbox 1027 1689 1070 1724; x_wconf 90' lang='lat' dir='ltr'><strong>de</strong></span> <span class='ocrx_word' id='word_1_172' title='bbox 1098 1689 1172 1724; x_wconf 87' lang='lat' dir='ltr'><strong>iure</strong></span> <span class='ocrx_word' id='word_1_173' title='bbox 1200 1698 1234 1724; x_wconf 88' lang='lat' dir='ltr'><strong>et</strong></span> <span class='ocrx_word' id='word_1_174' title='bbox 1260 1690 1343 1724; x_wconf 85' lang='lat' dir='ltr'><strong>iust.</strong></span> <span class='ocrx_word' id='word_1_175' title='bbox 1366 1701 1398 1736; x_wconf 91' lang='lat' dir='ltr'><strong>q.</strong></span> <span class='ocrx_word' id='word_1_176' title='bbox 1427 1688 1512 1723; x_wconf 86' lang='lat' dir='ltr'><strong>VII.</strong></span> 
     </span>
     <span class='ocr_line' id='line_1_22' title="bbox 76 1748 1508 1795; baseline -0.001 -12"><span class='ocrx_word' id='word_1_177' title='bbox 76 1761 107 1783; x_wconf 91' lang='lat' dir='ltr'><strong>a.</strong></span> <span class='ocrx_word' id='word_1_178' title='bbox 136 1759 166 1784; x_wconf 94' lang='lat'><strong>2.</strong></span> <span class='ocrx_word' id='word_1_179' title='bbox 195 1758 298 1783; x_wconf 86' lang='lat' dir='ltr'><strong>num.</strong></span> <span class='ocrx_word' id='word_1_180' title='bbox 335 1759 406 1784; x_wconf 86' lang='lat'>12.:</span> <span class='ocrx_word' id='word_1_181' title='bbox 440 1750 660 1785; x_wconf 84' lang='lat' dir='ltr'><strong>«Restitutio</strong></span> <span class='ocrx_word' id='word_1_182' title='bbox 689 1761 707 1784; x_wconf 90' lang='lat' dir='ltr'><strong>a</strong></span> <span class='ocrx_word' id='word_1_183' title='bbox 735 1749 982 1784; x_wconf 82' lang='lat' dir='ltr'><strong>satisfactione</strong></span> <span class='ocrx_word' id='word_1_184' title='bbox 1004 1749 1178 1794; x_wconf 80' lang='lat' dir='ltr'><strong>primario</strong></span> <span class='ocrx_word' id='word_1_185' title='bbox 1197 1748 1315 1784; x_wconf 87' lang='lat' dir='ltr'><strong>differt</strong></span> <span class='ocrx_word' id='word_1_186' title='bbox 1334 1760 1397 1795; x_wconf 82' lang='lat' dir='ltr'><strong>per</strong></span> <span class='ocrx_word' id='word_1_187' title='bbox 1424 1748 1508 1791; x_wconf 82' lang='lat' dir='ltr'><strong>hoc,</strong></span> 
     </span>
     <span class='ocr_line' id='line_1_23' title="bbox 78 1808 1511 1856; baseline -0.001 -12"><span class='ocrx_word' id='word_1_188' title='bbox 78 1809 172 1856; x_wconf 91' lang='lat' dir='ltr'><strong>quod</strong></span> <span class='ocrx_word' id='word_1_189' title='bbox 199 1808 392 1844; x_wconf 83' lang='lat' dir='ltr'><strong>satisfactio</strong></span> <span class='ocrx_word' id='word_1_190' title='bbox 420 1810 464 1844; x_wconf 88' lang='lat' dir='ltr'><strong>sit</strong></span> <span class='ocrx_word' id='word_1_191' title='bbox 490 1811 739 1855; x_wconf 83' lang='lat' dir='ltr'><strong>compensatio</strong></span> <span class='ocrx_word' id='word_1_192' title='bbox 768 1809 929 1844; x_wconf 84' lang='lat' dir='ltr'><strong>offensae</strong></span> <span class='ocrx_word' id='word_1_193' title='bbox 955 1821 1017 1844; x_wconf 85' lang='lat' dir='ltr'><strong>seu</strong></span> <span class='ocrx_word' id='word_1_194' title='bbox 1032 1810 1184 1844; x_wconf 87' lang='lat' dir='ltr'><strong>iniuriae</strong></span> <span class='ocrx_word' id='word_1_195' title='bbox 1213 1809 1418 1855; x_wconf 84' lang='lat' dir='ltr'><strong>personalis</strong></span> <span class='ocrx_word' id='word_1_196' title='bbox 1448 1820 1511 1855; x_wconf 90' lang='lat' dir='ltr'><strong>per</strong></span> 
     </span>
     <span class='ocr_line' id='line_1_24' title="bbox 75 1867 1512 1915; baseline -0.001 -12"><span class='ocrx_word' id='word_1_197' title='bbox 75 1867 222 1915; x_wconf 84' lang='lat' dir='ltr'><strong>aliquod</strong></span> <span class='ocrx_word' id='word_1_198' title='bbox 249 1868 476 1915; x_wconf 86' lang='lat' dir='ltr'><strong>obsequium,</strong></span> <span class='ocrx_word' id='word_1_199' title='bbox 504 1869 719 1914; x_wconf 83' lang='lat' dir='ltr'><strong>petitionem</strong></span> <span class='ocrx_word' id='word_1_200' title='bbox 748 1869 888 1911; x_wconf 85' lang='lat' dir='ltr'><strong>veniae,</strong></span> <span class='ocrx_word' id='word_1_201' title='bbox 918 1878 977 1904; x_wconf 90' lang='lat' dir='ltr'><strong>aut</strong></span> <span class='ocrx_word' id='word_1_202' title='bbox 1005 1868 1165 1915; x_wconf 84' lang='lat' dir='ltr'><strong>aliquam</strong></span> <span class='ocrx_word' id='word_1_203' title='bbox 1193 1868 1381 1909; x_wconf 82' lang='lat' dir='ltr'><strong>mulctam3</strong></span> <span class='ocrx_word' id='word_1_204' title='bbox 1410 1869 1512 1902; x_wconf 82' lang='lat' dir='ltr'><strong>resti-</strong></span> 
     </span>
     <span class='ocr_line' id='line_1_25' title="bbox 75 1925 1514 1974; baseline -0.003 -11"><span class='ocrx_word' id='word_1_205' title='bbox 75 1927 169 1963; x_wconf 90' lang='lat' dir='ltr'><strong>tutio</strong></span> <span class='ocrx_word' id='word_1_206' title='bbox 195 1938 282 1961; x_wconf 87' lang='lat' dir='ltr'><strong>vero</strong></span> <span class='ocrx_word' id='word_1_207' title='bbox 309 1927 353 1962; x_wconf 88' lang='lat' dir='ltr'><strong>sit</strong></span> <span class='ocrx_word' id='word_1_208' title='bbox 379 1928 628 1974; x_wconf 88' lang='lat' dir='ltr'><strong>compensatio</strong></span> <span class='ocrx_word' id='word_1_209' title='bbox 657 1928 780 1962; x_wconf 85' lang='lat' dir='ltr'><strong>damni</strong></span> <span class='ocrx_word' id='word_1_210' title='bbox 808 1928 938 1962; x_wconf 85' lang='lat' dir='ltr'><strong>iniuste</strong></span> <span class='ocrx_word' id='word_1_211' title='bbox 968 1927 1071 1963; x_wconf 90' lang='lat' dir='ltr'><strong>illati.</strong></span> <span class='ocrx_word' id='word_1_212' title='bbox 1101 1928 1192 1962; x_wconf 90' lang='lat' dir='ltr'><strong>Item</strong></span> <span class='ocrx_word' id='word_1_213' title='bbox 1220 1925 1423 1960; x_wconf 70' lang='lat' dir='ltr'><strong>secundario</strong></span> <span class='ocrx_word' id='word_1_214' title='bbox 1446 1925 1514 1960; x_wconf 91' lang='lat' dir='ltr'><strong>dif-</strong></span> 
     </span>
     <span class='ocr_line' id='line_1_26' title="bbox 75 1985 1514 2033; baseline -0.001 -12"><span class='ocrx_word' id='word_1_215' title='bbox 75 1985 195 2022; x_wconf 86' lang='lat' dir='ltr'><strong>ferunt</strong></span> <span class='ocrx_word' id='word_1_216' title='bbox 222 1998 286 2032; x_wconf 90' lang='lat' dir='ltr'><strong>per</strong></span> <span class='ocrx_word' id='word_1_217' title='bbox 311 1986 395 2027; x_wconf 90' lang='lat' dir='ltr'><strong>hoc,</strong></span> <span class='ocrx_word' id='word_1_218' title='bbox 423 1987 518 2033; x_wconf 82' lang='lat' dir='ltr'><strong>quod</strong></span> <span class='ocrx_word' id='word_1_219' title='bbox 551 1988 726 2023; x_wconf 86' lang='lat' dir='ltr'><strong>restitutio</strong></span> <span class='ocrx_word' id='word_1_220' title='bbox 754 1989 799 2022; x_wconf 84' lang='lat' dir='ltr'><strong>sit</strong></span> <span class='ocrx_word' id='word_1_221' title='bbox 828 1997 929 2022; x_wconf 87' lang='lat' dir='ltr'><strong>actus</strong></span> <span class='ocrx_word' id='word_1_222' title='bbox 958 1987 1112 2023; x_wconf 84' lang='lat' dir='ltr'><strong>iustitiae</strong></span> <span class='ocrx_word' id='word_1_223' title='bbox 1157 1986 1444 2022; x_wconf 87' lang='lat' dir='ltr'><strong>commutativae</strong></span> <span class='ocrx_word' id='word_1_224' title='bbox 1481 1995 1514 2021; x_wconf 91' lang='lat' dir='ltr'><strong>et</strong></span> 
     </span>
     <span class='ocr_line' id='line_1_27' title="bbox 80 2045 1510 2093; baseline -0.001 -11"><span class='ocrx_word' id='word_1_225' title='bbox 80 2046 124 2082; x_wconf 85' lang='lat' dir='ltr'><strong>ad</strong></span> <span class='ocrx_word' id='word_1_226' title='bbox 148 2045 254 2080; x_wconf 89' lang='lat' dir='ltr'><strong>illam</strong></span> <span class='ocrx_word' id='word_1_227' title='bbox 281 2045 489 2093; x_wconf 85' lang='lat' dir='ltr'><strong>obligemur</strong></span> <span class='ocrx_word' id='word_1_228' title='bbox 515 2056 598 2082; x_wconf 87' lang='lat' dir='ltr'><strong>ante</strong></span> <span class='ocrx_word' id='word_1_229' title='bbox 627 2048 845 2082; x_wconf 87' lang='lat' dir='ltr'><strong>sententiam</strong></span> <span class='ocrx_word' id='word_1_230' title='bbox 860 2047 1000 2082; x_wconf 86' lang='lat' dir='ltr'><strong>iudicis:</strong></span> <span class='ocrx_word' id='word_1_231' title='bbox 1017 2046 1213 2082; x_wconf 84' lang='lat' dir='ltr'><strong>satisfactio</strong></span> <span class='ocrx_word' id='word_1_232' title='bbox 1234 2057 1319 2081; x_wconf 88' lang='lat' dir='ltr'><strong>vero</strong></span> <span class='ocrx_word' id='word_1_233' title='bbox 1339 2057 1404 2092; x_wconf 88' lang='lat' dir='ltr'><strong>pro</strong></span> <span class='ocrx_word' id='word_1_234' title='bbox 1424 2057 1510 2093; x_wconf 82' lang='lat' dir='ltr'><strong>pura</strong></span> 
     </span>
     <span class='ocr_line' id='line_1_28' title="bbox 80 2104 1514 2152; baseline 0 -12"><span class='ocrx_word' id='word_1_235' title='bbox 80 2104 211 2140; x_wconf 86' lang='lat' dir='ltr'><strong>iniuria</strong></span> <span class='ocrx_word' id='word_1_236' title='bbox 237 2105 284 2140; x_wconf 89' lang='lat' dir='ltr'><strong>sit</strong></span> <span class='ocrx_word' id='word_1_237' title='bbox 311 2114 409 2141; x_wconf 89' lang='lat' dir='ltr'><strong>actus</strong></span> <span class='ocrx_word' id='word_1_238' title='bbox 436 2106 593 2141; x_wconf 89' lang='lat' dir='ltr'><strong>iustitiae</strong></span> <span class='ocrx_word' id='word_1_239' title='bbox 620 2107 880 2148; x_wconf 81' lang='lat' dir='ltr'><strong>vindicativae‚</strong></span> <span class='ocrx_word' id='word_1_240' title='bbox 909 2108 1008 2141; x_wconf 89' lang='lat' dir='ltr'><strong>cuius</strong></span> <span class='ocrx_word' id='word_1_241' title='bbox 1037 2107 1247 2141; x_wconf 80' lang='lat' dir='ltr'><strong>exercitium</strong></span> <span class='ocrx_word' id='word_1_242' title='bbox 1286 2106 1442 2152; x_wconf 85' lang='lat' dir='ltr'><strong>pertinet</strong></span> <span class='ocrx_word' id='word_1_243' title='bbox 1471 2106 1514 2140; x_wconf 84' lang='lat' dir='ltr'><strong>ad</strong></span> 
     </span>
     <span class='ocr_line' id='line_1_29' title="bbox 82 2161 1517 2211; baseline 0.001 -12"><span class='ocrx_word' id='word_1_244' title='bbox 82 2164 260 2210; x_wconf 85' lang='lat' dir='ltr'><strong>publicam</strong></span> <span class='ocrx_word' id='word_1_245' title='bbox 290 2173 430 2199; x_wconf 85' lang='lat' dir='ltr'><strong>tanturn</strong></span> <span class='ocrx_word' id='word_1_246' title='bbox 458 2161 684 2211; x_wconf 73' lang='lat' dir='ltr'><strong>potestatem.</strong></span> <span class='ocrx_word' id='word_1_247' title='bbox 713 2166 821 2201; x_wconf 88' lang='lat' dir='ltr'><strong>Unde</strong></span> <span class='ocrx_word' id='word_1_248' title='bbox 848 2175 931 2200; x_wconf 85' lang='lat' dir='ltr'><strong>ante</strong></span> <span class='ocrx_word' id='word_1_249' title='bbox 957 2167 1176 2201; x_wconf 87' lang='lat' dir='ltr'><strong>sententiam</strong></span> <span class='ocrx_word' id='word_1_250' title='bbox 1207 2166 1333 2201; x_wconf 73' lang='lat' dir='ltr'><strong>iudicis</strong></span> <span class='ocrx_word' id='word_1_251' title='bbox 1356 2178 1438 2201; x_wconf 91' lang='lat' dir='ltr'><strong>non</strong></span> <span class='ocrx_word' id='word_1_252' title='bbox 1456 2166 1517 2200; x_wconf 87' lang='lat' dir='ltr'><strong>da-</strong></span> 
     </span>
     <span class='ocr_line' id='line_1_30' title="bbox 74 2222 1514 2269; baseline 0.001 -11"><span class='ocrx_word' id='word_1_253' title='bbox 74 2231 135 2258; x_wconf 89' lang='lat' dir='ltr'><strong>tur</strong></span> <span class='ocrx_word' id='word_1_254' title='bbox 160 2222 338 2269; x_wconf 86' lang='lat' dir='ltr'><strong>obligatio</strong></span> <span class='ocrx_word' id='word_1_255' title='bbox 365 2225 519 2260; x_wconf 86' lang='lat' dir='ltr'><strong>iustitiae</strong></span> <span class='ocrx_word' id='word_1_256' title='bbox 545 2225 588 2259; x_wconf 91' lang='lat' dir='ltr'><strong>ad</strong></span> <span class='ocrx_word' id='word_1_257' title='bbox 616 2224 929 2267; x_wconf 80' lang='lat' dir='ltr'><strong>satisfactionem;</strong></span> <span class='ocrx_word' id='word_1_258' title='bbox 973 2234 1009 2260; x_wconf 90' lang='lat' dir='ltr'><strong>ut</strong></span> <span class='ocrx_word' id='word_1_259' title='bbox 1045 2237 1129 2259; x_wconf 91' lang='lat' dir='ltr'><strong>cum</strong></span> <span class='ocrx_word' id='word_1_260' title='bbox 1167 2237 1182 2260; x_wconf 89' lang='lat' dir='ltr'><strong>s</strong></span> <span class='ocrx_word' id='word_1_261' title='bbox 1229 2225 1387 2268; x_wconf 84' lang='lat' dir='ltr'><strong>Thoma,</strong></span> <span class='ocrx_word' id='word_1_262' title='bbox 1427 2226 1514 2260; x_wconf 90' lang='lat' dir='ltr'><strong>Mo·</strong></span> 
     </span>
     <span class='ocr_line' id='line_1_31' title="bbox 77 2282 1518 2330; baseline 0 -12"><span class='ocrx_word' id='word_1_263' title='bbox 77 2282 162 2326; x_wconf 85' lang='lat' dir='ltr'><strong>lina,</strong></span> <span class='ocrx_word' id='word_1_264' title='bbox 188 2291 222 2317; x_wconf 89' lang='lat' dir='ltr'><strong>et</strong></span> <span class='ocrx_word' id='word_1_265' title='bbox 247 2282 327 2318; x_wconf 87' lang='lat' dir='ltr'><strong>aliis</strong></span> <span class='ocrx_word' id='word_1_266' title='bbox 353 2283 459 2319; x_wconf 90' lang='lat' dir='ltr'><strong>docet</strong></span> <span class='ocrx_word' id='word_1_267' title='bbox 485 2284 649 2330; x_wconf 85' lang='lat' dir='ltr'><strong>Layman</strong></span> <span class='ocrx_word' id='word_1_268' title='bbox 676 2284 739 2319; x_wconf 88' lang='lat' dir='ltr'><strong>lib.</strong></span> <span class='ocrx_word' id='word_1_269' title='bbox 772 2294 802 2327; x_wconf 85' lang='lat'><strong>3.</strong></span> <span class='ocrx_word' id='word_1_270' title='bbox 831 2293 934 2319; x_wconf 88' lang='lat' dir='ltr'><strong>tract.</strong></span> <span class='ocrx_word' id='word_1_271' title='bbox 957 2294 988 2320; x_wconf 89' lang='lat'><strong>2.</strong></span> <span class='ocrx_word' id='word_1_272' title='bbox 1015 2296 1093 2330; x_wconf 88' lang='lat' dir='ltr'><strong>cap.</strong></span> <span class='ocrx_word' id='word_1_273' title='bbox 1127 2296 1156 2320; x_wconf 92' lang='lat'><strong>1.</strong></span> <span class='ocrx_word' id='word_1_274' title='bbox 1186 2296 1286 2319; x_wconf 86' lang='lat' dir='ltr'><strong>num.</strong></span> <span class='ocrx_word' id='word_1_275' title='bbox 1310 2294 1339 2327; x_wconf 81' lang='lat'><strong>3.</strong></span> <span class='ocrx_word' id='word_1_276' title='bbox 1361 2284 1518 2320; x_wconf 85' lang='lat' dir='ltr'><strong>Interim</strong></span> 
     </span>
     <span class='ocr_line' id='line_1_32' title="bbox 77 2341 1517 2391; baseline -0.001 -12"><span class='ocrx_word' id='word_1_277' title='bbox 77 2352 199 2379; x_wconf 85' lang='lat' dir='ltr'><strong>tamen</strong></span> <span class='ocrx_word' id='word_1_278' title='bbox 227 2352 310 2377; x_wconf 87' lang='lat' dir='ltr'><strong>ante</strong></span> <span class='ocrx_word' id='word_1_279' title='bbox 336 2345 552 2379; x_wconf 88' lang='lat' dir='ltr'><strong>sententiam</strong></span> <span class='ocrx_word' id='word_1_280' title='bbox 579 2345 704 2380; x_wconf 82' lang='lat' dir='ltr'><strong>iudicis</strong></span> <span class='ocrx_word' id='word_1_281' title='bbox 733 2344 776 2379; x_wconf 90' lang='lat' dir='ltr'><strong>ad</strong></span> <span class='ocrx_word' id='word_1_282' title='bbox 805 2343 1092 2379; x_wconf 84' lang='lat' dir='ltr'><strong>satisfactionem</strong></span> <span class='ocrx_word' id='word_1_283' title='bbox 1121 2356 1187 2391; x_wconf 86' lang='lat' dir='ltr'><strong>pro</strong></span> <span class='ocrx_word' id='word_1_284' title='bbox 1214 2356 1300 2391; x_wconf 88' lang='lat' dir='ltr'><strong>pura</strong></span> <span class='ocrx_word' id='word_1_285' title='bbox 1317 2341 1426 2380; x_wconf 82' lang='lat' dir='ltr'><strong>etiam</strong></span> <span class='ocrx_word' id='word_1_286' title='bbox 1457 2344 1517 2378; x_wconf 89' lang='lat' dir='ltr'><strong>in-</strong></span> 
     </span>
     <span class='ocr_line' id='line_1_33' title="bbox 76 2403 1514 2450; baseline -0.002 -11"><span class='ocrx_word' id='word_1_287' title='bbox 76 2405 165 2439; x_wconf 87' lang='lat' dir='ltr'><strong>iuria</strong></span> <span class='ocrx_word' id='word_1_288' title='bbox 193 2404 294 2439; x_wconf 83' lang='lat' dir='ltr'><strong>datur</strong></span> <span class='ocrx_word' id='word_1_289' title='bbox 319 2414 422 2449; x_wconf 67' lang='lat' dir='ltr'><strong>saepe</strong></span> <span class='ocrx_word' id='word_1_290' title='bbox 449 2403 627 2450; x_wconf 84' lang='lat' dir='ltr'><strong>obligatio</strong></span> <span class='ocrx_word' id='word_1_291' title='bbox 655 2405 811 2438; x_wconf 86' lang='lat' dir='ltr'><strong>caritatis</strong></span> <span class='ocrx_word' id='word_1_292' title='bbox 851 2413 911 2439; x_wconf 90' lang='lat' dir='ltr'><strong>aut</strong></span> <span class='ocrx_word' id='word_1_293' title='bbox 954 2403 1105 2439; x_wconf 89' lang='lat' dir='ltr'><strong>alterius</strong></span> <span class='ocrx_word' id='word_1_294' title='bbox 1133 2404 1284 2446; x_wconf 87' lang='lat' dir='ltr'><strong>virtutis;</strong></span> <span class='ocrx_word' id='word_1_295' title='bbox 1325 2413 1360 2438; x_wconf 87' lang='lat' dir='ltr'><strong>ut</strong></span> <span class='ocrx_word' id='word_1_296' title='bbox 1412 2414 1514 2437; x_wconf 88' lang='lat' dir='ltr'><strong>com-</strong></span> 
     </span>
     <span class='ocr_line' id='line_1_34' title="bbox 36 2462 707 2509; baseline 0 -15"><span class='ocrx_word' id='word_1_297' title='bbox 36 2483 43 2494; x_wconf 50' lang='grc' dir='ltr'><em>ι</em></span> <span class='ocrx_word' id='word_1_298' title='bbox 76 2463 236 2498; x_wconf 81' lang='lat' dir='ltr'><strong>munitet</strong></span> <span class='ocrx_word' id='word_1_299' title='bbox 261 2462 451 2497; x_wconf 86' lang='lat' dir='ltr'><strong>advertunt</strong></span> <span class='ocrx_word' id='word_1_300' title='bbox 478 2462 707 2509; x_wconf 84' lang='lat' dir='ltr'><strong>Theologi.»</strong></span> 
     </span>
    </p>

    <p class='ocr_par' dir='ltr' id='par_1_7' title="bbox 84 2521 1514 2630">
     <span class='ocr_line' id='line_1_35' title="bbox 178 2521 1514 2569; baseline 0 -13"><span class='ocrx_word' id='word_1_301' title='bbox 178 2522 234 2567; x_wconf 90' lang='lat'><strong>(2)</strong></span> <span class='ocrx_word' id='word_1_302' title='bbox 263 2521 318 2557; x_wconf 84' lang='lat' dir='ltr'><strong>Cf.</strong></span> <span class='ocrx_word' id='word_1_303' title='bbox 347 2521 439 2556; x_wconf 86' lang='lat' dir='ltr'><strong>thes.</strong></span> <span class='ocrx_word' id='word_1_304' title='bbox 471 2522 513 2556; x_wconf 90' lang='lat' dir='ltr'><strong>II.</strong></span> <span class='ocrx_word' id='word_1_305' title='bbox 541 2533 624 2569; x_wconf 89' lang='lat' dir='ltr'><strong>pag.</strong></span> <span class='ocrx_word' id='word_1_306' title='bbox 653 2533 708 2565; x_wconf 84' lang='lat'><strong>41.</strong></span> <span class='ocrx_word' id='word_1_307' title='bbox 735 2522 896 2558; x_wconf 85' lang='lat' dir='ltr'><strong>adnotat.</strong></span> <span class='ocrx_word' id='word_1_308' title='bbox 922 2534 962 2566; x_wconf 88' lang='lat'><strong>1.‚</strong></span> <span class='ocrx_word' id='word_1_309' title='bbox 981 2523 1041 2558; x_wconf 90' lang='lat' dir='ltr'><strong>ubi</strong></span> <span class='ocrx_word' id='word_1_310' title='bbox 1058 2535 1101 2559; x_wconf 85' lang='lat' dir='ltr'><strong>ex</strong></span> <span class='ocrx_word' id='word_1_311' title='bbox 1128 2523 1293 2557; x_wconf 83' lang='lat' dir='ltr'><strong>Varrone</strong></span> <span class='ocrx_word' id='word_1_312' title='bbox 1320 2523 1363 2557; x_wconf 88' lang='lat' dir='ltr'><strong>de</strong></span> <span class='ocrx_word' id='word_1_313' title='bbox 1390 2531 1514 2568; x_wconf 75' lang='lat' dir='ltr'><strong>etymo</strong></span> 
     </span>
     <span class='ocr_line' id='line_1_36' title="bbox 84 2579 726 2630; baseline 0 -14"><span class='ocrx_word' id='word_1_314' title='bbox 84 2581 190 2617; x_wconf 89' lang='lat' dir='ltr'><strong>huius</strong></span> <span class='ocrx_word' id='word_1_315' title='bbox 216 2583 326 2630; x_wconf 79' lang='lat' dir='ltr'><strong>yocis,</strong></span> <span class='ocrx_word' id='word_1_316' title='bbox 354 2579 531 2625; x_wconf 57' lang='lat' dir='ltr'><strong>dammum,</strong></span> <span class='ocrx_word' id='word_1_317' title='bbox 559 2582 726 2616; x_wconf 80' lang='lat' dir='ltr'><strong>diximus.</strong></span> 
     </span>
    </p>
   </div>
  </div>
 </body>
</html>
