1737 2802
820 121 1054 163 —42—

221 222 350 249 suum
387 205 535 248 cedere
568 205 733 263 nequit:
768 204 867 248 hinc
908 205 981 262 qui
1013 203 1124 247 bona
1172 202 1306 246 aufert
1354 202 1520 261 pupilli,
1554 202 1660 249 licet

229 293 325 320 cum
361 277 451 319 eius
485 291 718 328 consensu,
757 277 955 319 iniuriam
990 273 1115 319 infert
1162 274 1343 332 pupillo,
1376 274 1449 332 qui
1491 274 1661 319 scilicet

222 348 357 392 valide
390 361 430 391 et
464 347 689 392 efficaciter
723 347 873 391 cedere
907 347 987 390 iuri
1022 361 1102 390 suo
1135 347 1299 404 nequit.

715 597 1060 642 ARTICULUS
1093 598 1167 642 ΙΙΙ.

392 731 462 773 De
494 730 698 773 notione
730 729 879 772 officii
912 730 1116 785 eiusque
1146 730 1486 773 divisionibus.

806 932 972 974 THEsis
1007 929 1084 973 III.

231 1061 423 1120 Officium
455 1071 510 1105 est
555 1062 707 1105 morale
755 1061 931 1104 debitum
977 1060 1124 1117 agendi
1171 1059 1328 1118 aliquid
1375 1068 1448 1103 aut
1493 1060 1659 1118 aliquid

346 1134 557 1176 ‹mzittendi
589 1135 630 1176 in
663 1133 833 1176 alterius
865 1134 1076 1175 auxilium
1110 1133 1174 1175 vel
1206 1131 1454 1191 obsequium.
1499 1132 1660 1175 Multi-

343 1206 438 1264 plex
474 1215 614 1248 autem
645 1214 700 1248 est
734 1221 779 1249 ac
812 1207 935 1248 varia
967 1204 1084 1262 officii
1109 1206 1292 1263 partitiO.

356 1351 421 1380 10.
456 1337 776 1380 DECLARATIO.
813 1336 915 1379 Duo
949 1334 1031 1391 illa,
1055 1350 1161 1392 quae
1193 1334 1245 1378 de
1278 1334 1363 1378 iure
1396 1333 1660 1392 deteximus,

230 1421 330 1451 sunt
363 1409 489 1452 etiarn
535 1407 586 1450 de
630 1407 754 1464 officio
805 1405 1070 1464 inquirenda,
1119 1405 1317 1460 videlicet
1350 1430 1408 1440 —
1439 1422 1652 1465 quaenam

231 1480 285 1522 sit
318 1495 415 1522 vera
448 1479 538 1522 eius
573 1480 694 1522 notio
729 1503 787 1511 —
819 1491 859 1521 et
891 1492 1100 1535 quaenam
1133 1477 1218 1520 sint
1249 1478 1499 1536 praecipuae
1532 1479 1662 1522 eius-v

232 1550 328 1594 dem
365 1551 631 1607 partitiones,

353 1623 383 1665 I.
419 1623 536 1664 Haec
568 1636 652 1663 vox
676 1620 850 1678 officium
885 1634 947 1664 est
980 1637 1001 1663 a
1033 1620 1161 1664 verbo
1194 1620 1316 1678 officio
1338 1619 1425 1679 (1).
1458 1619 1654 1664 Verbum

233 1705 376 1736 autern
400 1692 522 1749 officio
554 1692 628 1750 (ex
663 1692 708 1735 oh
733 1707 811 1750 pro
835 1691 994 1735 obviam
1017 1704 1058 1734 et
1081 1691 1218 1749 jacio)
1252 1692 1424 1750 proprie
1456 1703 1519 1735 est
1543 1690 1655 1735 facio

231 1779 301 1806 me
335 1762 505 1806 obviam
538 1762 661 1806 alicui
698 1762 960 1820 impediendi
994 1775 1034 1806 et
1067 1761 1303 1806 obsistendi
1341 1777 1464 1805 causa
1499 1762 1577 1820 (2):
1611 1763 1654 1805 in

231 1835 386 1878 malam
410 1835 525 1877 enim
549 1847 711 1892 partem
737 1849 906 1891 semper
930 1835 1145 1891 accipitur.
1171 1834 1269 1877 Hoc
1292 1847 1414 1891 pacto
1438 1833 1659 1891 eleganter

231 1904 429 1962 dicimus,
461 1904 680 1948 aemulum
704 1906 792 1947 suis
816 1904 926 1948 dolis
949 1904 1199 1963 insidiisque
1223 1903 1392 1948 officere
1414 1917 1456 1948 et
1479 1903 1653 1948 obstare

230 1978 389 2020 nostris
424 1977 629 2029 consiliis,
664 1978 889 2034 susceptis,
924 1976 1168 2020 commodis
1201 1989 1281 2020 etc.

351 2048 546 2090 Iamvero
579 2062 728 2090 eruere
761 2047 917 2091 exinde
961 2062 1194 2105 possumus
1243 2047 1469 2090 notionem
1518 2045 1658 2104 officii,

229 2118 334 2162 illud
358 2120 499 2177 primo
523 2119 619 2162 loco
643 2118 1042 2176 animadvertentes,
1065 2118 1181 2177 quod
1207 2134 1304 2162 cum
1327 2118 1507 2172 verbum
1529 2117 1663 2176 officio

329 2340 386 2386 (1)
414 2338 468 2375 Cf.
495 2339 686 2375 Forcellini
713 2339 783 2374 lex.
813 2339 849 2372 in
875 2338 908 2372 h.
936 2350 967 2373 v.

332 2401 388 2445 (2)
416 2399 567 2435 Pulchre
594 2399 739 2440 Cicero,
769 2397 916 2432 Tuscul.
945 2397 1033 2443 disp.
1060 2398 1103 2432 V⁴
1134 2406 1200 2442 32.:
1239 2410 1258 2429 «
1276 2397 1464 2443 Diogenes
1499 2396 1664 2438 liberius,

232 2468 270 2493 ut
297 2458 468 2504 Cynicus,
495 2458 702 2492 Alexandro
731 2457 886 2502 roganti,
915 2465 951 2491 ut
978 2457 1124 2499 diceret,
1151 2456 1180 2491 si
1207 2456 1291 2503 quid
1309 2467 1403 2502 opus
1429 2464 1533 2497 esset,
1550 2455 1658 2491 Nunc

233 2518 380 2564 quidem
407 2517 603 2564 paululum,
631 2518 760 2563 inquit,
791 2528 810 2551 a
835 2516 923 2551 sole:
959 2515 1117 2562 offecerat
1150 2514 1315 2551 videlicet
1351 2515 1571 2561 apricanti.»
1611 2514 1657 2549 Et

236 2577 260 2611 1.
287 2577 328 2612 11.
357 2577 400 2612 de
427 2577 508 2613 Nat.
534 2578 580 2612 D.
611 2587 676 2623 19.:
704 2589 727 2609 «
744 2577 883 2612 Umbra
908 2584 1024 2611 terrae
1050 2575 1120 2610 soli
1147 2575 1292 2623 officiens
1318 2584 1463 2611 noctem
1497 2573 1659 2610 efficit.»
