1737 2802
801 108 858 117 ..
891 96 976 138 224
1008 107 1064 116 .-

218 183 349 225 tionis
385 179 598 224 rectitudo
631 192 695 222 est
730 178 854 232 clara,
890 179 970 221 nisi
1005 177 1147 221 dicere
1180 176 1284 220 velis
1310 188 1523 234 naturam,
1555 176 1582 220 i.
1605 191 1646 220 e.

220 256 363 297 Deum
397 266 570 296 naturae
605 264 841 305 auctorem,
875 263 1036 294 temere
1071 262 1111 294 et
1143 249 1298 293 frustra
1345 249 1529 307 operari,
1561 247 1647 292 ho-

222 327 471 382 minemque
506 340 597 368 esse
630 323 961 366 tumultuarium
1006 335 1045 366 et
1087 323 1373 380 incogitatum
1416 335 1527 379 opus
1558 319 1643 380 (Ι).

222 397 360 442 Simili
386 397 517 454 igitur
551 396 716 439 ratione
739 411 789 438 ex
822 394 1017 450 naturali,
1042 395 1114 452 qui
1138 392 1263 436 nobis
1292 393 1416 445 inest,
1442 391 1645 436 instinctu

223 470 267 513 in
299 469 435 512 nostri
472 484 564 511 esse
590 467 962 510 conservationem
997 465 1204 508 debemus
1239 463 1510 521 concludere,
1542 462 1649 507 hanc

223 557 316 585 esse
350 541 431 584 Dei
464 539 746 595 voluntatem,
783 551 828 581 ut
862 538 1065 595 nosipsos
1099 538 1141 580 in
1190 551 1282 580 esse
1326 550 1647 581 conservemus:
1692 539 1694 541 ’

223 626 478 671 tantumque
511 612 608 655 Deo
642 610 868 668 displicere
902 608 1147 662 suicidium‚
1181 620 1228 651 ut
1261 606 1366 650 illud
1402 607 1522 665 quasi
1569 607 1648 649 im-

225 684 429 744 possibile
464 682 640 727 reddere
672 681 856 725 voluerit
879 697 954 739 per
978 681 1226 737 maximam,
1250 695 1379 737 quam
1402 677 1651 722 naturaliter

225 758 453 813 sentimus,
486 756 756 799 aversionem
790 771 810 797 a
845 753 982 797 nostri
1017 752 1144 795 huius
1180 751 1411 809 compositi
1459 749 1651 794 dissolu-

224 831 357 885 tione,
389 845 462 872 seu
498 845 571 886 per
604 829 861 879 maximum,
898 841 1027 883 quem
1062 827 1104 868 in
1137 833 1248 868 stitit
1280 821 1459 866 normali
1489 821 1557 880 (2)
1579 837 1648 865 ex-

225 902 436 960 perimur,
462 901 613 943 mortis
639 899 864 942 horrorem
892 912 1186 955 magnumque
1211 895 1345 953 iilum,
1368 896 1441 954 qui
1465 908 1653 938 mortem

228 974 470 1026 comitatur,
505 972 701 1016 dolorem
735 970 819 1030 (3).

345 1044 392 1104 β)
429 1046 682 1103 Spectemus
717 1043 885 1087 secundo
920 1041 1056 1085 officia
1095 1040 1280 1098 socialia,
1312 1038 1466 1098 quibus
1516 1037 1652 1081 homo

227 1121 268 1163 in
302 1120 505 1161 societate
540 1118 688 1160 vivens
722 1115 891 1173 ligatur.
920 1141 970 1146 —
997 1115 1113 1157 Haec
1147 1112 1285 1156 officia
1308 1113 1426 1155 Deus
1460 1110 1549 1153 vult
1571 1110 1653 1152 irn-

227 1189 331 1248 pleri
365 1188 413 1231 ab
448 1188 640 1244 homine,
675 1203 752 1230 nec
786 1201 885 1229 cum
920 1184 1078 1228 damno
1103 1184 1334 1236 societatis,
1360 1182 1482 1226 cuius
1515 1180 1651 1224 homo

227 1276 323 1319 pars
365 1272 427 1303 est
471 1272 509 1302 et
558 1258 819 1314 membrum,
867 1256 1165 1315 praetermitti.
1213 1255 1460 1314 Loquimur
1505 1265 1651 1297 autem

226 1334 454 1392 praecipue
489 1332 539 1375 de
573 1330 845 1375 societatibus
882 1329 1095 1373 domestica
1119 1341 1159 1372 et
1182 1327 1308 1384 civili,
1341 1343 1467 1386 quae,
1493 1339 1539 1369 ut
1571 1338 1652 1368 suo

226 1404 324 1449 loco
358 1402 762 1456 demonstrabimus,
797 1415 896 1445 sunt
931 1402 1079 1443 stricto
1123 1415 1249 1443 sensu
1293 1398 1522 1454 naturales,
1556 1399 1580 1441 i.
1614 1413 1651 1443 e.

227 1494 248 1521 a
281 1478 379 1521 Deo
413 1477 508 1534 ipso
543 1476 762 1517 institutae
796 1486 836 1517 et
858 1472 1028 1516 volitae.
1063 1473 1260 1515 Iamvero
1285 1470 1388 1514 haec
1421 1469 1560 1514 officia
1582 1485 1652 1513 so-

228 1549 386 1593 cietatis
411 1548 651 1591 contemnit
674 1545 850 1588 suicida.
867 1545 926 1588 Ut
944 1543 1118 1602 aliquod
1142 1543 1368 1586 afferamus
1388 1541 1651 1601 exemplum,

228 1623 323 1681 quis
357 1637 444 1663 non
478 1620 607 1673 videt,
642 1632 848 1673 quantam
882 1615 1199 1675 paterfamilia3‚
1223 1616 1295 1674 qui
1328 1615 1535 1660 violentas
1569 1614 1651 1660 sibi

324 1842 377 1884 (Ι)
405 1842 498 1887 Apte
525 1841 672 1882 Seneca,
701 1839 743 1874 de
770 1838 887 1874 benef.
914 1838 936 1873 l.
965 1839 1025 1873 VI.
1053 1850 1083 1873 e.
1117 1847 1183 1881 23.:
1215 1838 1346 1873 «Scias
1372 1850 1447 1873 non
1475 1850 1552 1874 esse
1576 1838 1650 1874 ho-

229 1903 367 1936 minem
394 1901 669 1936 tumultuarium
699 1909 732 1935 et
761 1900 1002 1946 incogitatum
1032 1910 1167 1944 opus.»
1197 1899 1242 1933 Et
1268 1898 1377 1945 paulo
1405 1907 1500 1934 ante:
1537 1911 1559 1933 «
1577 1899 1655 1935 Co-

229 1963 356 2008 gitavit
381 1972 450 1995 nos
477 1969 559 1995 ante
583 1969 709 1994 natura
736 1971 844 2006 quam
885 1958 979 2000 fecit;
1010 1970 1075 1994 nec
1115 1968 1188 1994 tam
1214 1959 1293 1994 leve
1324 1971 1417 2006 opus
1453 1970 1589 2003 sumus,
1615 1968 1655 1996 ut

230 2021 281 2056 illi
307 2022 508 2068 poterimus
535 2020 744 2055 excidere.»

327 2082 379 2128 (2)
405 2082 472 2117 Hic
500 2089 615 2116 status
643 2081 806 2115 normalis
833 2089 885 2115 est
912 2079 1208 2122 considerandus,
1237 2091 1279 2115 ex
1307 2091 1423 2127 eoque
1450 2078 1494 2114 de
1531 2089 1656 2116 mente

206 2137 213 2143 ’
230 2154 269 2178 ac
296 2143 484 2177 voluntate
512 2140 714 2175 conditoris
740 2141 807 2175 Dei
837 2139 1118 2176 diiudicandum.

325 2203 381 2248 (3)
409 2200 466 2236 Ad
493 2214 567 2236 rem
596 2200 733 2235 faciunt
759 2200 848 2235 haec
876 2211 903 2234 s.
936 2200 988 2234 Io.
1016 2199 1287 2246 Chrysostomi‚
1315 2199 1413 2234 hom.
1440 2199 1496 2246 87.
1523 2199 1560 2234 in
1587 2199 1655 2244 Io.,

228 2263 349 2297 verba:
380 2276 396 2292 «
418 2262 535 2296 Nemo
562 2261 638 2295 sine
659 2260 786 2295 dolore
814 2271 832 2294 a
860 2271 1011 2306 corpore
1039 2259 1258 2302 dissolvitur,
1278 2259 1398 2294 divina
1424 2259 1496 2295 hoc
1522 2259 1657 2295 utiliter

231 2321 463 2367 dispensante
491 2319 731 2366 providentia,
750 2331 795 2354 ne
822 2318 925 2354 multi
953 2319 1154 2354 violentam
1173 2327 1329 2354 mortem
1358 2318 1542 2366 eligerent.
1559 2319 1655 2354 Nam

231 2382 260 2416 si
287 2381 396 2416 etiam
425 2381 475 2415 sic
502 2380 571 2414 hoc
609 2379 775 2414 diabolus
815 2378 1028 2425 persuadere
1067 2387 1197 2425 potest,
1224 2388 1259 2414 et
1295 2378 1580 2426 quamplurimos
1616 2379 1654 2414 in

230 2440 437 2487 praecipitia
467 2449 500 2475 et
527 2439 719 2486 voragines
747 2438 901 2485 impulit,
927 2438 994 2473 nisi
1013 2436 1161 2473 *tantum
1189 2439 1334 2473 animae
1360 2445 1453 2473 esset
1489 2436 1656 2483 corporis

231 2498 462 2543 desiderium,
490 2499 526 2533 in
553 2511 662 2545 parvo
691 2499 800 2533 etiarn
826 2509 994 2534 moerore
1021 2497 1126 2533 multi
1150 2497 1219 2533 sibi
1258 2505 1414 2534 mortem
1451 2497 1656 2533 conscisce-

231 2568 321 2594 rent.
338 2574 354 2590 »
