1737 2802
229 237 330 264 vero
371 219 611 263 favorabilis
659 219 844 276 amplam
895 218 1295 276 interpretationem
1346 218 1508 275 poscit:
1560 217 1665 261 hinc

228 295 411 349 axioma,
445 292 624 334 Favores
656 299 748 334 sunt
781 290 1016 348 ampliandi
1037 299 1071 333 et
1094 289 1187 333 odia
1211 288 1506 347 restringenda.
1533 289 1663 342 Quae

229 363 397 421 regulae
451 363 646 420 quamvis
683 362 907 419 praecipue
941 374 1180 404 statuantur
1218 359 1269 403 de
1323 359 1418 417 lege
1461 361 1662 418 posit-iva,

228 449 370 478 tamen
397 450 491 477 cum
531 433 812 491 proportione
846 432 986 475 valent
1020 434 1146 476 etiam
1172 432 1222 475 de
1241 432 1334 489 lege
1359 431 1427 475 illa
1459 431 1663 490 naturali,

228 521 334 562 quae
375 520 502 547 «non
539 502 752 558 scribitur,
787 502 860 546 sed
895 504 1142 559 innascitur,
1161 519 1238 546 nec
1260 503 1398 561 aliqua
1428 503 1660 561 percipitur

227 576 425 629 lectione,
461 575 534 618 sed
570 575 739 633 profluo
775 575 962 633 quodam
1014 588 1186 617 naturae
1235 574 1352 618 fonte
1390 575 1433 618 in
1477 573 1658 632 singulis
1704 570 1707 572 ’

230 648 512 705 exprimitur»
550 646 629 704 (1).
657 647 741 689 Sic.
777 662 811 689 e.
848 661 890 701 g.
922 661 972 688 ex
1005 646 1200 703 inspecto
1223 645 1324 703 fine,
1352 644 1406 687 ob
1440 659 1567 702 quern
1591 644 1659 687 lex

228 718 427 761 naturalis
463 717 705 775 parentibus
740 716 904 760 confert
938 718 1002 759 ius
1036 716 1087 760 ad
1121 715 1409 760 obedientiam
1451 715 1659 770 filiorum,

227 792 300 848 qui
333 789 427 832 finis
463 802 525 832 est
562 790 820 832 conveniens
856 789 1111 831 eorumdem
1148 787 1362 844 educatio,
1396 786 1657 844 colligimus,

227 860 492 919 praedictum
529 861 594 902 ius
629 858 782 903 habere
816 859 985 910 limites,
1020 872 1113 902 tum
1147 858 1290 917 quoad
1324 867 1492 917 tempus,
1525 859 1582 901 ita
1608 869 1660 901 ut

226 934 441 992 completa
475 934 726 976 educatione
761 946 911 985 cesset,
947 946 1041 976 tum
1076 931 1216 991 quoad
1249 932 1459 988 obiectum,
1504 932 1559 974 ita
1608 942 1657 973 ut

225 1006 275 1049 ad
311 1022 357 1049 ea
390 1005 697 1048 tantummodo
732 1021 775 1047 se
810 1005 1014 1062 porrigat,
1047 1020 1154 1062 quae
1187 1003 1239 1047 ad
1273 1003 1377 1047 illud
1431 1002 1656 1046 educatio-

229 1079 300 1119 nis
333 1076 497 1119 bonum
534 1075 819 1119 obtinendum
855 1077 1089 1119 necessaria
1121 1089 1220 1119 sunt
1251 1075 1318 1119 vel
1353 1075 1484 1120 utilia.

349 1149 475 1200 Quae
509 1164 606 1190 cum
642 1148 840 1204 dicimus,
874 1163 962 1191 non
995 1148 1037 1191 id
1071 1163 1170 1191 sane
1204 1147 1485 1203 affirmamus,
1532 1147 1651 1191 facile

228 1235 400 1277 semper
433 1235 478 1262 ac
513 1219 619 1262 clare
656 1219 763 1262 solvi
798 1234 925 1276 posse
959 1218 1087 1263 dubia
1120 1218 1188 1263 vel
1220 1219 1409 1277 expediri
1430 1220 1655 1277 quaestio-

227 1306 319 1344 nes,
339 1306 446 1348 quae
480 1292 636 1333 exoriri
671 1303 853 1348 possunt
888 1291 995 1334 circa
1029 1291 1295 1335 existentiam
1331 1292 1436 1334 iuris
1455 1290 1521 1334 vel
1544 1291 1652 1334 circa

227 1360 428 1418 confinia,
463 1374 579 1404 extra
614 1377 720 1419 quae
754 1363 820 1404 ius
854 1363 1001 1420 nequit
1036 1363 1216 1419 evagari.
1252 1363 1421 1406 Etenim
1444 1361 1651 1420 quemad-

224 1433 406 1477 modum
441 1433 522 1487 lex,
557 1450 665 1491 quae
700 1435 765 1476 ius
801 1435 955 1491 gignit,
991 1433 1257 1478 tenebricosa
1288 1434 1410 1478 nobis
1445 1450 1537 1478 esse
1569 1450 1656 1492 po-

223 1518 323 1559 test,
365 1507 419 1548 ita
452 1505 684 1548 obscurum
720 1505 843 1549 nobis
893 1519 1035 1564 potest
1069 1522 1162 1549 esse
1196 1508 1292 1563 ius,
1325 1506 1441 1565 quod
1490 1521 1512 1549 a
1557 1505 1654 1564 lege

223 1578 377 1633 oritur,
411 1578 548 1619 immo
583 1578 711 1620 etiam
746 1577 853 1620 adeo
888 1577 1028 1621 densis
1063 1577 1252 1621 offusum
1288 1578 1486 1635 tenebris,
1515 1590 1559 1621 ut
1582 1593 1653 1621 eas

223 1650 428 1708 dissipare
462 1667 547 1693 non
574 1651 708 1694 modo
728 1651 844 1695 rudis
869 1653 1019 1705 homo,
1044 1652 1117 1695 sed
1141 1669 1194 1696 ne
1218 1652 1326 1695 ullus
1352 1652 1527 1710 quidem
1551 1666 1653 1703 pos-

221 1722 275 1764 sit
312 1740 334 1761 «
359 1721 581 1765 consultus
618 1724 720 1765 iuris
756 1736 795 1766 et
827 1737 943 1766 actor
968 1739 1190 1767 causarum
1214 1742 1236 1764 »
1266 1724 1340 1781 (2).
1361 1725 1474 1767 Hinc
1506 1736 1664 1767 autem⁴

221 1794 470 1850 contingere
506 1806 661 1851 potest,
694 1808 740 1837 ut
775 1795 929 1853 aliquis
965 1795 1170 1838 iudicium
1208 1795 1395 1854 proferat
1430 1795 1645 1839 invincibi-

219 1864 309 1907 liter
342 1879 574 1907 erroneum
609 1866 717 1908 circa
751 1866 907 1909 limites
929 1867 1089 1924 proprii
1116 1868 1234 1925 iuris,
1259 1868 1442 1925 practice
1471 1882 1518 1910 ac
1548 1882 1648 1924 pru-

219 1935 366 1978 denter
416 1935 662 1994 iudicando,
696 1953 824 1980 suum
859 1939 924 1981 ius
960 1938 1130 1982 extendi
1165 1939 1215 1982 ad
1249 1940 1402 1998 aliqua,
1438 1939 1489 1983 ad
1540 1955 1650 1998 quae

220 2022 310 2049 vere.
346 2020 386 2049 et
419 2023 466 2050 ex
497 2017 615 2065 parte
649 2011 706 2051 rei
739 2010 919 2053 minime
953 2026 997 2052 se
1030 2010 1228 2067 porrigit.
1263 2011 1369 2063 Quo
1392 2011 1433 2053 in
1463 2027 1559 2055 casu
1584 2028 1665 2056 er·-

218 2093 347 2121 ronea
381 2079 554 2135 quidem
589 2081 668 2123 erit
703 2081 976 2135 conscientia,
1011 2081 1085 2124 sed
1119 2097 1298 2125 erronea
1332 2082 1648 2140 inculpabiliter,

218 2150 338 2192 cuius
363 2149 542 2193 ductum
578 2153 648 2208 qui
684 2165 900 2209 sequatur,
935 2153 1024 2195 eius
1059 2154 1170 2195 actio
1204 2168 1295 2196 esse
1328 2152 1506 2211 quidem
1525 2166 1647 2211 pote-

217 2221 271 2262 rit
307 2220 412 2263 mala
461 2221 667 2265 obiective
716 2237 756 2266 et
807 2223 1093 2280 materialiter,
1143 2215 1374 2268 subiective
1426 2237 1569 2268 tamen
1604 2237 1648 2269 et

215 2290 453 2335 formaliter
486 2309 663 2351 exspers
699 2295 776 2338 erit
812 2295 999 2339 malitiae
1032 2295 1112 2353 (3).

310 2472 362 2518 (1)
389 2473 441 2507 Ita
468 2484 494 2506 s.
523 2473 747 2507 Ambrosius:
776 2472 818 2509 cf.
846 2485 965 2519 super.
995 2473 1065 2509 vol.
1094 2473 1118 2508 1.
1146 2472 1239 2509 thes.
1267 2473 1435 2508 XXXIII.
1455 2484 1538 2520 pag.
1559 2482 1640 2518 273.

308 2532 361 2578 (2)
387 2533 474 2567 Hor.
501 2532 545 2566 d„-
572 2541 646 2567 art':
673 2543 769 2578 poet.
801 2545 855 2568 vv.
888 2532 964 2579 369.
996 2542 1075 2578 370.

311 2592 361 2636 (3)
388 2592 481 2627 Vide
510 2603 598 2638 quae
626 2591 667 2626 de
696 2593 918 2627 conscientia
946 2592 1200 2629 invincibiliter
1224 2604 1378 2629 erronea
1396 2593 1556 2630 diximus
1580 2603 1644 2628 su-

216 2662 290 2696 per.
319 2651 388 2686 vol.
417 2653 441 2687 Ι.
470 2651 562 2687 thes.
593 2651 685 2686 LIII.
714 2663 799 2698 pag.
829 2662 909 2695 412.
