1737 2802
673 73 948 116 ——227-—-

211 157 265 201 II.
299 157 552 215 Praecipuas
574 171 705 211 nunc,
740 171 847 214 quae
871 155 1034 214 opponi
1068 153 1221 212 solent,
1245 155 1531 218 difficultates-

91 226 276 273 breviter
307 228 540 272 solvamus.
573 252 628 261 —
661 226 736 272 Nil
778 226 914 270 dicam
947 225 1000 270 de
1046 225 1373 283 obiectionibus,
1408 243 1517 286 quae

92 299 326 346 fundantur
360 302 402 344 in
426 300 539 358 falso
562 300 786 358 supposz‘m,
812 298 929 356 quod
957 299 1067 355 finis,
1092 298 1212 341 cuius
1235 299 1370 355 gratia
1394 299 1516 342 Deus

93 372 319 417 hominem
354 371 499 415 condit
532 383 658 430 atque
692 370 772 414 hac
806 372 847 413 in
881 371 967 414 vita
1000 370 1194 424 collocat,
1229 371 1270 413 in
1305 370 1386 414 hoc
1410 372 1517 415 situs

92 446 164 504 sit,
197 444 315 504 quod
350 443 513 488 deliciis
545 443 709 487 fruatur
730 442 1107 502 voluptatibusque
1130 443 1362 501 indulgeat.
1385 445 1518 502 Atqui

92 531 182 561 non
224 515 292 559 hic
324 528 389 559 est
421 516 531 559 vitae
565 514 693 558 huius
726 513 836 568 finis,
871 514 946 557 sed
983 514 1140 558 tendere
1187 515 1238 558 ad
1287 515 1518 574 perfectam

92 587 340 633 felicitatem
363 587 489 631 altera
513 589 554 631 in
578 588 666 630 vita
698 586 975 630 obtinendam
998 598 1219 645 tamquam
1254 588 1516 645 mercedem,

93 660 147 704 ad
180 676 360 719 eamque
393 659 568 704 tendere
595 668 666 718 per
688 659 911 704 custodiam
944 659 1036 717 legis
1058 675 1131 702 seu
1167 661 1400 704 exercitium
1433 663 1519 705 vir-

94 734 206 776 tutis.
238 732 287 775 Id
320 744 465 776 autem
499 731 635 775 homo
668 731 803 775 facere
837 747 1006 789 semper
1044 744 1201 790 potest,
1234 731 1520 790 quibuscum-

92 819 177 863 que
222 804 396 848 tandem
430 805 470 847 in
504 803 713 847 adiunctis
763 805 1010 862 reperiatur,
1042 805 1131 847 sive
1179 804 1378 847 secundis
1428 806 1518 848 sive

93 874 297 933 adversis,
330 877 371 918 in
405 876 469 919 his
503 875 817 932 fortitudinem,
852 876 893 919 in
927 875 1009 918 illis
1043 877 1371 934 temperantiam
1402 892 1519 920 exer-

95 948 234 995 cendo
269 948 346 1007 (1).
381 973 438 981 —
471 949 580 992 Item
613 948 670 990 nil
706 947 842 991 dicam
878 947 929 991 de
962 963 1030 1005 eo,
1063 948 1181 1006 quod
1220 948 1347 991 obiici
1397 948 1519 993 solet:

95 1038 173 1067 cur
195 1034 308 1065 tanta
333 1021 383 1065 de
408 1020 589 1064 suit-idio
620 1019 872 1078 disputatio,
899 1035 995 1063 cum
1031 1032 1199 1064 constet
1223 1036 1312 1077 eOS‚
1346 1022 1418 1079 qui
1442 1020 1521 1065 sibi

99 1106 287 1138 mortem
325 1093 615 1144 consciscunt,
641 1091 682 1135 id
705 1107 830 1149 agere
863 1093 905 1134 in
930 1104 1038 1135 statu
1074 1094 1314 1136 amentiae?
1348 1094 1519 1137 Etenim

95 1340 261 1376 Fortasse
287 1339 397 1384 igitur
422 1337 493 1371 hoc
521 1337 632 1372 modo
660 1348 735 1371 non
763 1346 903 1383 praeter
929 1337 1104 1371 rationein
1132 1346 1197 1382 est,
1225 1349 1298 1371 non
1327 1337 1425 1383 prius
1452 1337 1517 1372 de-

93 1410 175 1434 cere
200 1409 238 1433 se
264 1398 382 1444 ipsum
410 1397 622 1439 interficere,
651 1408 757 1443 qnam
786 1397 873 1430 deus
904 1397 1157 1431 necessitatem
1199 1396 1356 1444 aliquam
1396 1398 1518 1444 impo-

95 1458 218 1500 suerit,
245 1457 389 1504 qualem
417 1457 524 1491 nobis
552 1457 723 1503 imposuit
751 1457 786 1491 in
815 1457 1061 1502 praesentia.»
1092 1478 1138 1483 —
1162 1457 1260 1492 Nota
1296 1459 1404 1492 etiam
1440 1468 1523 1494 sunt

96 1518 159 1554 illa
185 1517 371 1552 Ciceronis
398 1517 517 1559 verba,
537 1516 646 1550 Tusc.
666 1516 757 1562 disp.
778 1517 802 1550 Ι.
823 1526 886 1561 3o.:
903 1528 924 1549 «
939 1516 1046 1551 Vetat
1074 1515 1266 1551 dominans
1284 1517 1344 1552 ille
1363 1518 1399 1552 in
1418 1519 1524 1554 nobis

96 1578 195 1613 Deus
222 1577 356 1611 iniussu
383 1577 467 1611 hinc
495 1587 563 1611 nos
591 1587 656 1611 suo
685 1577 935 1621 demigrare...
972 1576 1038 1611 Vir
1062 1578 1205 1623 sapiens
1233 1577 1348 1613 laetus
1387 1591 1431 1613 ex
1467 1579 1524 1615 his

95 1636 257 1675 tenebris
284 1635 320 1669 in
347 1634 465 1669 lucem
494 1635 595 1670 illam
624 1636 825 1678 excesserit,
854 1647 918 1671 nec
958 1644 1080 1671 tamen
1120 1636 1179 1671 illa
1217 1637 1334 1672 vincla
1375 1640 1524 1675 carceris

96 1697 244 1744 ruperit,
270 1696 368 1741 leges
395 1696 491 1729 enim
519 1705 654 1738 vetant,
680 1697 741 1730 sed
769 1705 953 1742 tamquam
981 1709 1000 1731 a
1020 1697 1235 1742 magistratu
1262 1706 1320 1732 aut
1345 1699 1388 1732 ab
1408 1698 1525 1745 aliqua

97 1766 279 1806 potestate
305 1756 482 1801 legitima,
511 1756 561 1789 sic
588 1768 606 1790 a
634 1758 712 1791 Deo
741 1766 915 1791 evocatus
942 1766 1047 1803 atque
1086 1758 1238 1791 emissus
1278 1759 1451 1794 exierit.»
1480 1760 1524 1795 Et

98 1818 136 1853 in
162 1816 184 1851 l.
210 1815 273 1851 VI.
304 1815 347 1850 de
375 1814 536 1860 Republ.7
555 1815 590 1848 in
619 1826 733 1849 somn.
757 1815 862 1860 Scip„
882 1815 971 1850 haec
990 1816 1170 1859 leguntur:
1195 1829 1216 1850 «
1234 1817 1356 1859 Quare
1383 1826 1416 1852 et
1443 1818 1519 1861 tibi,

97 1875 217 1916 Publi,
245 1885 279 1910 et
307 1875 374 1920 piis
401 1875 571 1908 omnibus
599 1874 806 1909 retinendus
834 1875 974 1910 animus
1001 1884 1053 1910 est
1080 1875 1115 1909 in
1149 1876 1312 1911 custodia
1351 1878 1522 1924 corporis,

98 1949 165 1972 nec
191 1936 327 1971 iniussu
355 1936 441 1977 eius,
469 1947 486 1968 a
516 1947 586 1982 quo
613 1935 671 1969 ille
700 1944 751 1969 cst
780 1935 884 1969 vobis
912 1935 1024 1978 datus,
1053 1948 1096 1970 ex
1122 1936 1315 1970 hominum
1343 1939 1414 1972 vita
1449 1939 1522 1972 mi-

99 1996 274 2043 grandum
295 2005 358 2039 est,
377 2008 422 2030 ne
441 2007 571 2030 munus
598 1995 722 2041 (12quch
741 1995 871 2029 addunt
898 1995 1115 2040 humanum)
1143 1995 1372 2042 adsignatum
1399 2009 1418 2031 a
1438 1997 1518 2032 Deo

99 2053 282 2102 defugisse
307 2055 546 2091 videamini.»

195 2115 249 2159 (ι)
278 2113 331 2150 Cf.
359 2126 476 2161 super.
503 2118 578 2152 vol.
610 2127 638 2151 1.
665 2127 743 2161 cap.
776 2126 814 2157 1.,
834 2116 1043 2161 praesertim
1066 2115 1154 2151 thes.
1178 2117 1256 2152 XII.
1274 2138 1322 2143 —
1341 2117 1394 2152 Cf.
1414 2117 1525 2152 etiam

100 2173 298 2220 Taparelli‚
325 2176 446 2220 saggio
473 2180 585 2210 (σοιτί.
616 2186 692 2209 ecc.
724 2176 861 2210 dissert.
905 2187 931 2209 1.
960 2187 1036 2221 cap.
1067 2186 1120 2210 10.
1159 2188 1257 2211 num.
1301 2176 1389 2222 276.:
1429 2177 1528 2222 item,

100 2244 193 2268 corso
220 2233 313 2269 clem.
340 2233 375 2268 cli
402 2240 472 2269 nat.
491 2234 622 2277 dirim,
650 2235 710 2269 lib.
740 2235 781 2269 11.
811 2246 909 2268 num.
940 2245 1027 2280 103..
1048 2236 1106 2269 ubi
1134 2235 1223 2270 hacc
1251 2237 1428 2282 sapienter
1454 2237 1530 2271 ani-

101 2293 305 2327 madvertit:
331 2294 543 2339 «Appunto
572 2293 704 2340 perche
731 2293 763 2328 la
794 2303 918 2329 natura
946 2295 975 2328 ci
1011 2304 1148 2329 mostra
1183 2296 1215 2330 la
1254 2295 1386 2331 felicita
1425 2308 1530 2331 avve-

101 2355 180 2388 πῖνε
205 2353 421 2398 dipendente
449 2352 544 2387 dallo
571 2352 696 2398 sforza,
717 2365 785 2387 con
815 2353 870 2388 cui
898 2355 1106 2400 piegliiamo
1133 2354 1321 2390 all'ordine
1350 2356 1373 2390 il
1402 2366 1527 2391 nostro

100 2420 264 2459 presente
291 2424 438 2459 operare
464 2413 682 2455 volomtario,
711 2413 761 2448 fra
790 2413 836 2459 gli
869 2414 936 2448 urti
965 2413 1057 2448 delle
1087 2415 1234 2450 vicende
1263 2427 1281 2450 e
1318 2415 1410 2450 delle
1445 2428 1530 2462 pas-

101 2471 207 2514 sioni,
226 2483 270 2506 ne
298 2473 418 2517 siegue
446 2472 512 2507 che
541 2472 563 2506 il
592 2473 742 2507 suicidio
772 2484 840 2507 eon
870 2474 925 2507 cui
954 2474 1069 2508 vuolsi
1100 2476 1234 2510 evitare
1261 2485 1384 2522 questa
1408 2484 1532 2522 pugna

101 2532 123 2566 ὲ
148 2531 184 2565 in
211 2529 336 2567 diretta
363 2532 599 2578 opposizione
626 2532 695 2566 alla
723 2533 906 2568 tendenza
933 2534 1214 2580 ragionevole.»
