1737 2802
63 255 147 284 nos
180 252 376 295 monent,
407 251 455 282 ut
502 239 677 282 iniurias
730 237 1063 297 haudquaquam
1109 239 1395 292 vindicemus,
1427 241 1495 285 vei

63 310 294 356 consilium
325 312 559 366 continent,
591 325 679 353 non
712 325 816 354 vero
849 323 1138 369 praeceptum:
1172 311 1238 354 vel
1271 312 1306 354 si
1355 327 1483 370 prae-

22 375 29 381 ⁶
72 395 247 442 ceptum
283 383 519 439 continent,
552 380 784 424 excludunt
803 379 1035 424 vindictam
1060 382 1286 439 privatam,
1310 399 1399 426 non
1422 399 1496 426 au·

62 469 152 501 tem
177 452 414 512 publicam:
447 451 513 496 vel
546 452 579 494 si
615 451 827 509 publicam
861 450 1208 509 reprobant,eam
1242 452 1401 496 scilicet
1423 468 1496 497 re-

67 525 263 586 probant,
317 539 425 582 quae
478 524 532 566 sit
579 535 822 580 perpetrato
885 522 1037 566 sceleri
1091 524 1494 581 improportionata‚

67 612 247 657 quaeve,
281 608 328 640 ut
360 611 484 654 saepe
516 595 743 652 contingit,
776 610 827 637 ex
859 593 1028 638 formali
1052 595 1094 636 in
1113 596 1368 653 proximum
1391 596 1494 641 odio

69 680 307 728 appetatur.

189 752 258 782 21.
294 739 548 783 Scnomon.
585 738 646 780 Ex
691 736 813 780 dictis
867 748 1046 793 constat,
1094 737 1138 779 in
1187 753 1275 795 quo
1320 736 1494 796 defensio

65 823 212 854 contra
243 810 454 853 iniustum
486 824 787 866 aggressorem
805 821 845 851 et
877 809 1080 866 reparatio
1105 807 1247 851 damni
1272 808 1370 852 illati
1403 809 1490 853 dif-

64 880 200 925 ferant
231 896 253 923 a
279 881 490 938 punitione
522 895 596 922 seu
632 894 780 937 poena:
817 894 955 937 poena
987 891 1130 922 autem
1155 878 1368 937 definitur,
1393 896 1492 923 ma—

66 951 158 996 lum
193 953 404 1011 passionis
438 967 512 995 seu
546 951 797 1008 privationis
833 950 975 994 delicti
1010 965 1134 993 causa
1166 952 1294 994 etiam
1326 952 1371 994 in
1418 952 1490 995 in-

2 1064 4 1068 >
64 1030 178 1073 vitos
211 1031 465 1072 auctoritate
498 1028 643 1071 sociali
680 1027 890 1071 inflictum
924 1027 1009 1086 (1).

185 1099 392 1143 Defensio
425 1100 594 1156 respicit
626 1100 824 1142 iniuriam
859 1114 1040 1156 eamque
1074 1100 1118 1142 in
1141 1098 1252 1157 fieri,
1286 1111 1327 1143 et
1358 1099 1495 1144 tendit

61 1170 114 1214 ad
148 1186 244 1214 eam
279 1169 576 1228 impediendam
608 1185 654 1212 ne
684 1169 772 1224 fiat.
807 1170 980 1212 Punitio
1015 1170 1191 1227 respicit
1240 1171 1389 1213 crimen
1434 1170 1491 1214 il—

59 1241 221 1300 ludque
255 1243 336 1284 iam
363 1249 665 1299 perpetrat-vm,
699 1253 739 1283 et
774 1239 909 1283 tendit
943 1240 992 1283 ad
1027 1239 1134 1284 illud
1167 1241 1417 1299 expiandum
1449 1242 1494 1285 in

75 1422 328 1430 ——--....-——

63 1529 103 1555 ut
129 1519 268 1560 dicitur,
295 1517 403 1552 Dent.
437 1527 490 1558 1.,
518 1517 664 1550 Domini
701 1522 745 1551 est
779 1515 954 1560 iudicium,
993 1529 1076 1552 cum
1110 1518 1238 1566 aliquis
1274 1522 1493 1557 auctoritate

65 1579 195 1614 iudicis
235 1578 292 1613 vel
318 1578 517 1612 vindictam
545 1578 680 1624 quaeit
707 1577 750 1611 ad
779 1578 1091 1624 comprimendam
1136 1580 1312 1616 malitiam
1342 1590 1378 1616 et
1416 1594 1492 1618 non

67 1646 213 1685 propter
239 1637 380 1679 odium,
403 1637 459 1671 vel
487 1637 598 1671 etiam
626 1648 705 1670 cum
737 1638 950 1671 auctoritate
977 1638 1130 1673 alicuius
1173 1639 1366 1685 superioris
1393 1653 1495 1676 suam

66 1697 318 1732 defensionem
346 1705 525 1742 procurat,
554 1696 766 1742 intelligitur
792 1697 901 1731 locum
928 1700 1013 1731 dare
1038 1698 1123 1740 irae,
1150 1698 1184 1732 id
1213 1707 1276 1741 est,
1307 1699 1430 1735 divino
1447 1701 1495 1735 iu-

64 1757 174 1798 dicio,
200 1756 299 1790 cuius
326 1755 479 1789 ministri
505 1759 587 1789 sunt
612 1756 804 1802 principes:
833 1765 869 1790 ut
896 1756 1025 1790 dicitur
1063 1756 1126 1791 inf.
1169 1769 1250 1804 cap.
1297 1759 1395 1794 XIII.
1432 1761 1497 1795 Dei

66 1816 221 1850 minister
237 1821 298 1850 est:
315 1815 440 1849 vindex
456 1816 492 1849 in
510 1815 600 1849 iram
620 1816 659 1858 ei,
679 1817 735 1862 qui
753 1816 879 1850 malum
899 1817 981 1862 agit.
1000 1816 1106 1852 Unde
1121 1818 1229 1852 etiam
1250 1819 1380 1854 Paulus
1401 1832 1492 1866 pro-

65 1877 207 1911 curavit
233 1887 270 1910 se
297 1887 359 1920 per
388 1885 552 1910 armatos
579 1874 723 1909 defendi
753 1885 878 1910 contra
905 1876 1055 1911 insidias
1082 1877 1312 1919 Iudaeorum,
1344 1886 1381 1912 ut
1398 1887 1494 1924 patet

65 1936 147 1970 Act.
165 1934 296 1970 XXIII.
317 1947 341 1968 »
365 1954 382 1959 -
410 1935 451 1968 In
467 1934 596 1968 eodem
613 1946 645 1969 ν.
665 1946 715 1980 19.
745 1935 889 1981 legitur:
918 1935 1232 1970 asilii-vindicanti
1260 1947 1307 1971 sc.
1335 1947 1492 1982 servate,

64 1999 97 2029 et
121 2005 178 2039 ego
205 1994 404 2036 retribuam,
430 1993 453 2028 i.
480 2005 512 2028 e.
541 1994 736 2028 vindictam
764 1994 848 2028 volo
875 2004 1097 2029 reservatam
1134 1995 1224 2030 mihi
1253 2005 1286 2031 et
1314 1998 1494 2044 principi-

64 2053 132 2088 bus
151 2053 312 2095 terrenis,
339 2053 470 2100 quibus
496 2062 683 2099 tamquam
713 2053 886 2088 ministris
913 2055 1003 2088 meis
1030 2062 1252 2099 potestatem
1284 2056 1493 2091 vindicandi

63 2113 213 2148 iniurias
239 2112 488 2155 communico,
517 2121 552 2148 et
596 2113 639 2146 ad
683 2125 771 2159 quos
805 2113 934 2158 privati
972 2125 1153 2148 recurrere
1188 2114 1321 2149 debent
1356 2125 1393 2150 ut
1434 2128 1497 2163 per

60 2181 127 2206 eos
155 2171 337 2206 vindicent
364 2180 528 2217 acceptas
557 2172 715 2206 iniurias.
743 2171 798 2206 Cf.
826 2183 855 2206 s.
885 2172 975 2213 Tm,
997 2182 1072 2206 2.2.
1093 2184 1124 2219 q.
1148 2173 1224 2207 108.
1257 2185 1287 2208 a.
1320 2185 1349 2208 1.
1377 2175 1419 2208 ad
1446 2183 1497 2210 1.¹¹¹
1527 2184 1531 2188 ⁴

158 2229 212 2275 (1)
236 2230 363 2264 Poena
390 2230 557 2265 consistit
588 2231 623 2264 in
651 2230 850 2264 amissione
879 2241 1006 2265 eorum
1028 2259 1036 2273 ,
1064 2243 1153 2277 quae
1181 2231 1294 2266 homo
1333 2234 1489 2268 max³me

60 2289 196 2335 diligit.
224 2290 358 2324 «Haec
385 2298 519 2333 autem,
546 2290 662 2337 inquit
688 2302 714 2325 s.
742 2290 922 2332 Thomas,
952 2302 983 2325 2.
1012 2301 1043 2325 2.
1073 2302 1105 2337 q.
1134 2301 1207 2336 107.
1248 2304 1279 2326 a.
1325 2301 1371 2335 3..
1399 2304 1495 2336 sunt,

61 2359 157 2395 quae
182 2348 299 2383 homo
326 2349 485 2383 maxime
511 2349 640 2395 diligit,
666 2349 791 2390 vitam,
819 2350 1094 2384 incolumitatem
1122 2352 1289 2397 corporis,
1308 2352 1496 2387 libertatem

61 2417 114 2442 sut
143 2415 176 2442 et
203 2408 290 2441 bona
318 2407 500 2450 exteriora,
530 2417 615 2454 puta
657 2408 808 2450 divitias,
850 2409 1008 2454 patriam
1050 2417 1083 2444 et
1129 2410 1293 2456 gloriam.
1332 2412 1375 2446 Et
1402 2411 1495 2454 ideo,

63 2475 103 2501 ut
140 2467 367 2513 Augustinus
410 2467 526 2509 refert,
565 2467 610 2502 de
654 2469 718 2502 civ.
763 2469 830 2502 Dei
869 2467 891 2503 1.
931 2469 1029 2503 XXI.
1073 2481 1104 2504 c.
1150 2480 1205 2513 2.‚
1233 2479 1318 2505 octo
1360 2482 1495 2518 genera

63 2536 268 2572 poenarum
295 2527 330 2560 in
357 2527 497 2573 legibus
524 2537 601 2561 «asse
629 2527 756 2561 scribit
785 2527 938 2570 Tullius,
966 2528 1044 2562 scil.
1084 2534 1238 2572 mortem,
1283 2541 1344 2575 per
1387 2541 1495 2576 quam

63 2584 209 2619 tollitur
234 2585 319 2628 vita,
345 2585 486 2620 verbera
512 2594 547 2620 et
576 2585 747 2628 talionem,
774 2596 811 2621 ut
838 2586 916 2620 scil.
942 2587 1090 2621 oculum
1118 2599 1183 2633 pro
1212 2587 1320 2622 oculo
1362 2588 1496 2634 perdat,
