1737 2802
616 149 674 159 -·
709 138 789 181 343
827 139 881 158 -’-

160 235 257 265 100.
289 221 680 265 DEMONSTRATIO.
709 220 740 264 I.
765 217 1045 262 Mendacium
1068 232 1121 261 ex
1151 234 1194 261 se
1229 218 1468 276 opponitur

35 282 216 338 naturali
249 291 390 336 ordini
425 303 465 335 et
500 291 675 350 quidem
710 289 947 348 tripliciter.
972 290 1088 333 Hinc
1110 288 1335 347 tripliciter
1360 289 1469 332 cadit

38 364 116 408 sub
149 364 488 423 prohibitionem
516 362 719 407 naturalis
754 361 867 405 illius
890 362 1017 419 legis,
1042 377 1150 419 quae
1174 361 1371 405 ordinem
1395 377 1468 404 na-

37 436 218 479 turalem
252 436 494 479 conservari
527 435 658 491 iubet,
676 432 928 492 ’perturbari
962 445 1086 477 vetat.
1138 434 1213 476 Est
1259 433 1468 476 nimirum

40 507 315 551 mendacium
348 532 406 540 —
439 506 636 564 deceptio
680 521 755 548 seu
791 503 951 547 malum
1002 505 1188 561 proximi
1222 529 1279 537 —
1312 504 1469 546 abusus

36 580 209 637 linguae
242 594 317 622 seu
350 579 565 621 sermonis
598 604 657 609 ——
691 575 953 635 perturbatio
998 575 1201 619 naturalis
1251 577 1467 619 societatis

40 667 115 694 seu
149 651 372 694 amicitiae.

158 723 232 766 Est
271 722 345 773 1⁰.)
381 722 577 780 deceptio
612 737 686 764 seu
721 719 884 763 malum
919 720 1121 776 proximi.
1145 745 1202 752 ——
1227 719 1365 772 Quod
1393 718 1469 762 tibi

38 794 130 838 fieri
163 809 252 837 non
284 795 362 847 vis,
396 793 513 837 alteri
547 810 600 837 ne
634 792 797 835 feceris.
845 792 979 849 Atqui
1027 805 1115 833 non
1165 792 1228 833 vis
1277 790 1382 834 alios
1431 805 1471 835 te

39 865 235 923 decipere
270 880 344 922 per
377 863 668 920 mendacium,
703 878 790 906 non
826 863 888 904 vis
923 862 1028 905 alios
1063 876 1269 918 generare
1314 860 1467 906 falsam

40 937 312 995 opinionem,
345 953 419 980 seu
457 936 683 980 infundere
718 934 872 978 falsum
907 936 950 978 in
974 947 1163 978 mentem
1188 947 1320 977 tuam.
1357 935 1471 991 Ergo

39 1024 94 1052 ne
126 1008 251 1052 facias
286 1008 420 1064 alteri,
445 1026 498 1053 ne
530 1027 575 1057 tu
601 1015 691 1072 ipse
727 1014 832 1058 alios
869 1029 944 1073 per
967 1007 1240 1051 mendacium
1269 1009 1471 1066 decipias.

42 1081 93 1123 Et
126 1075 226 1125 sane
259 1082 360 1126 falsa
392 1086 652 1129 existimatio
687 1099 727 1129 et
761 1102 880 1129 error
914 1098 1015 1128 sunt
1049 1083 1212 1127 malum
1249 1079 1471 1139 quoddam

42 1152 298 1197 intellectus.
333 1155 470 1209 Adde,
505 1173 605 1200 eum
655 1159 730 1216 qui
777 1157 1013 1201 mendaciis
1065 1155 1284 1206 assuescit,
1318 1167 1474 1194 nocere

42 1225 169 1267 etiam
205 1224 475 1284 sibimetipsi:
511 1229 548 1270 ei
592 1230 706 1272 enim
757 1244 843 1272 non
893 1228 1092 1284 creditur,
1126 1224 1298 1285 quando
1344 1225 1473 1266 etiam

41 1311 193 1338 verum
229 1296 340 1340 dicit.

162 1367 236 1410 Est
270 1368 352 1426 2⁰.)
385 1369 542 1414 abusus
566 1371 736 1429 linguae
762 1388 837 1415 seu
872 1372 1102 1414 sermonis.
1127 1394 1181 1402 —
1206 1370 1267 1412 Ut
1295 1384 1327 1410 s.
1352 1367 1475 1410 Tho-

42 1453 133 1480 mas
167 1437 360 1496 loquitur
394 1444 477 1498 (1),
516 1460 538 1481 «
559 1443 832 1486 mendacium
868 1458 955 1485 non
994 1442 1138 1485 solum
1172 1441 1297 1483 habet
1345 1440 1476 1482 ratio-

41 1524 143 1552 nem
176 1511 335 1567 peccati
384 1528 435 1554 ex
483 1512 659 1568 damno,
696 1514 814 1571 quod
850 1512 1028 1556 infertur
1063 1512 1281 1571 proximo,
1315 1510 1390 1553 sed
1424 1525 1476 1552 ex

44 1596 119 1623 sua
152 1580 484 1627 inordinatione.
507 1602 529 1623 ›>
566 1585 738 1627 Etenim
773 1601 876 1627 usus
899 1584 1069 1641 linguae
1094 1599 1139 1626 ac
1172 1582 1388 1626 sermonis
1423 1580 1474 1624 ad

43 1652 85 1696 id
118 1666 181 1696 est
214 1653 262 1697 ab
297 1667 472 1698 auctore
505 1669 678 1699 naturae
713 1657 836 1699 datus
871 1669 911 1700 et
947 1656 1188 1708 ordinatus,
1227 1668 1272 1698 ut
1309 1656 1477 1697 interna

44 1725 176 1767 animi
225 1740 347 1769 sensa
395 1728 788 1771 communicemus:
824 1729 865 1770 in
916 1728 999 1771 hoc
1032 1728 1228 1770 consistit
1273 1725 1477 1769 naturalis

45 1795 154 1839 ordo
187 1812 263 1840 seu
296 1796 393 1840 finis
428 1800 657 1842 sermonis.
693 1801 825 1857 Atqui
861 1799 958 1842 huic
993 1799 1223 1842 intentioni
1272 1810 1313 1841 et
1356 1796 1478 1839 ordi-

45 1867 207 1910 natIOni
242 1880 416 1912 naturae
451 1882 514 1912 est
548 1887 597 1913 ex
632 1887 676 1913 se
711 1871 974 1913 contrarium
1024 1870 1313 1913 mendacium:
1359 1868 1478 1926 quod

45 1950 189 1981 autem
223 1939 401 1982 naturali
428 1940 569 1983 ordini
594 1955 658 1983 est
684 1942 963 1997 contrarium,
989 1940 1093 1983 illud
1116 1953 1179 1983 est
1204 1955 1256 1983 ex
1280 1956 1324 1982 se
1360 1955 1479 1997 prae-

45 2021 268 2067 posterum
304 2026 380 2054 seu
417 2011 593 2055 malum.
622 2014 735 2069 Ergo
761 2013 1033 2056 mendacium
1058 2025 1121 2055 est
1145 2028 1195 2055 ex
1219 2027 1262 2055 se
1298 2011 1479 2054 malum.

52 2082 210 2125 «Cum
244 2098 387 2139 voces,
421 2084 477 2126 ait
517 2099 553 2127 s,
588 2083 788 2127 Thomas
822 2084 910 2143 (2),
947 2083 1193 2127 naturaliter
1236 2086 1322 2127 sint
1357 2085 1481 2141 signa

139 2302 197 2346 (ι)
227 2303 266 2337 In
297 2313 327 2338 2.
356 2313 386 2338 2.
413 2317 445 2351 q.
477 2315 549 2340 110.
578 2317 607 2340 a.
638 2316 668 2350 3.
697 2305 739 2339 ad
770 2315 803 2348 4.

140 2362 198 2408 (2)
222 2363 361 2398 Ibidem
390 2366 425 2398 in
452 2377 551 2412 corp.
578 2385 622 2392 —-
650 2367 703 2400 Eo
733 2377 820 2400 sane
847 2366 972 2409 modo,
1002 2378 1073 2414 quo
1102 2366 1316 2402 innaturalis
1352 2376 1387 2402 et
1424 2368 1483 2401 in-

43 2421 166 2456 debita
194 2431 246 2457 est
272 2424 441 2467 ebrietas,
470 2425 507 2459 in
535 2436 603 2471 qua
622 2426 816 2461 delectatio
844 2427 946 2472 potui
975 2427 1115 2463 adnexa
1144 2439 1207 2474 per
1225 2428 1377 2462 abusum
1404 2439 1482 2473 per-

42 2483 195 2516 vertitur
220 2492 255 2518 et
282 2483 469 2519 ordinatur
496 2497 570 2520 non
600 2487 671 2521 iam
690 2487 734 2520 ad
762 2487 900 2521 bonum
920 2487 1113 2533 physicum
1142 2498 1205 2522 seu
1233 2487 1277 2522 ad
1304 2487 1480 2522 individui

43 2541 376 2586 conservationem,
405 2545 496 2579 sicut
523 2546 598 2580 vult
626 2554 733 2592 atque
760 2545 904 2582 ordinat
932 2555 1074 2590 natura,
1104 2547 1165 2582 sed
1195 2547 1238 2582 ad
1267 2548 1343 2585 eius
1371 2558 1484 2583 nocu-

48 2608 227 2635 mentum.
