1737 2802
162 177 237 210 aut
258 164 416 208 domus
439 165 514 221 (1).
538 189 594 198 —-
620 164 696 222 3.⁰)
719 163 909 208 Actualis
935 164 1126 208 detentio
1149 163 1207 206 rei
1231 162 1410 206 alicuius
1434 163 1590 206 dicitur

159 238 369 295 possessio:
402 249 466 279 est
498 249 640 280 autem
675 236 852 294 legitima
885 236 951 279 vel
984 236 1206 293 illegitima,
1241 248 1371 293 prout
1403 236 1446 278 in
1479 236 1595 279 iusto

163 309 291 353 titulo
325 308 530 352 fundatur
561 309 628 352 vel
661 324 800 366 secus,
833 324 908 352 seu
943 321 1073 366 prout
1106 323 1172 351 res
1206 308 1298 350 iure
1347 306 1596 364 possidetur

163 381 231 424 vel
264 381 430 424 iniuria.
456 379 849 433 Quemadmodum
884 379 971 423 dari
1005 392 1149 437 potest
1173 378 1345 421 actualis
1369 379 1595 436 possessio

163 452 222 495 rei
246 454 338 495 sine
362 452 453 494 iure
479 450 730 509 possidendi
757 467 850 495 rem
875 451 960 509 (2);
986 452 1040 493 ita
1065 450 1153 493 dari
1188 462 1330 507 potest
1353 465 1504 493 verum
1528 450 1595 492 ius

164 525 207 567 in
242 539 286 566 re
317 539 557 581 verumque
592 525 865 581 proprietatis
900 523 1146 566 dominium
1180 524 1271 565 sine
1304 522 1455 565 actuali
1489 537 1595 579 pos-

165 596 358 638 sessione
383 596 455 639 rei:
480 596 635 637 amissa
659 595 774 637 enim
800 595 1075 651 possessione
1100 595 1175 650 rei,
1201 609 1287 636 non
1313 594 1397 635 iam
1422 607 1594 650 semper

164 666 317 722 eoipso
352 667 563 708 amittitur
596 665 845 708 dominium
880 681 954 708 seu
990 666 1054 707 ius
1092 666 1135 708 in
1178 680 1237 708 re.

284 737 394 780 Illud
412 753 544 794 porro
564 750 626 780 est
646 738 838 794 apprime
859 736 1153 791 manifestum,
1174 737 1317 779 Deum
1339 735 1482 778 solum
1502 749 1596 777 esse

165 808 358 852 absolute
382 821 422 851 et
457 809 803 851 eminentissimo
829 808 963 851 modo
990 808 1164 866 plenum
1190 807 1419 851 dominum
1449 823 1594 851 rerum

165 880 382 922 omnium.
418 880 493 922 Est
528 880 642 921 enim
678 894 821 922 rerum
856 880 1054 922 omnium
1091 893 1271 936 creator,
1301 893 1592 934 conservator,

163 948 259 993 finis
295 950 474 993 ultimus
508 950 592 1008 (3).
630 950 757 994 Unde
783 966 879 993 cum
904 950 1026 1007 plena
1061 952 1237 994 veritate
1271 951 1356 1008 Ipsi
1391 950 1590 994 dicimus:

171 1024 234 1064 Tu
260 1022 369 1065 selus
391 1022 612 1065 Dominus.
637 1047 692 1054 —
716 1023 862 1079 Itaque
897 1028 939 1069 α)
964 1021 1129 1064 nullum
1157 1021 1350 1079 profecto
1375 1038 1448 1065 ens
1473 1039 1593 1066 crea—

163 1107 257 1136 tum
283 1107 345 1137 est
366 1106 438 1137 aut
463 1106 605 1151 potest
631 1109 722 1136 esse
741 1109 839 1136 vere
864 1094 1174 1150 proprietarius
1199 1107 1394 1151 respectu
1415 1095 1495 1138 Dei
1520 1096 1592 1152 (4):

164 1165 212 1224 β)
250 1166 416 1209 nullum
466 1182 540 1208 ens
577 1178 767 1208 creatum
817 1178 958 1223 potest
998 1166 1058 1208 uti
1093 1181 1136 1208 re
1185 1164 1339 1223 aliqua,
1371 1179 1594 1224 tamquam

164 1236 358 1280 absolute
392 1250 432 1280 et
465 1236 718 1294 simpliciter
742 1253 830 1290 sua,
865 1238 890 1280 i.
916 1254 950 1280 e.
976 1238 1096 1294 quasi
1126 1253 1214 1280 non
1238 1250 1407 1295 accepta
1441 1253 1460 1280 a
1497 1239 1594 1282 Deo

163 1324 304 1366 neque
337 1307 386 1351 ab
420 1309 522 1365 Ipso
572 1307 857 1365 principaliter
902 1307 1169 1365 dependente
1203 1311 1279 1366 (5):
1314 1315 1355 1367 γ)
1391 1311 1455 1352 ius
1491 1325 1595 1367 pro-

165 1380 355 1437 prietatis
390 1381 538 1437 nequit
572 1381 656 1422 enti
683 1393 823 1422 creato
858 1381 995 1423 inesse
1021 1381 1101 1422 nisi
1135 1398 1157 1423 a
1181 1381 1276 1424 solo
1302 1382 1395 1424 Deo
1421 1394 1460 1424 et
1485 1380 1590 1424 sub-

165 1450 358 1494 ordinate
392 1450 443 1493 ad
477 1452 637 1495 Deum.
670 1476 725 1485 -—
762 1453 860 1494 Hoc
894 1452 1024 1508 igitur
1068 1466 1131 1495 est
1180 1454 1322 1510 primo
1368 1453 1596 1511 inquiren-

257 1653 311 1698 (1)
340 1653 430 1686 Item
458 1653 553 1686 bona
581 1653 849 1699 distinguuntur
877 1654 911 1688 in
942 1654 1131 1687 immob1'l1'a
1161 1662 1194 1688 et
1221 1654 1376 1688 mobihlz.
1397 1655 1504 1696 Quae
1532 1665 1596 1689 ne-

162 1721 297 1757 queunt
322 1711 405 1746 loco
433 1713 585 1753 moveri,
613 1723 649 1747 ut
676 1713 808 1747 domus
835 1713 891 1747 vel
919 1725 1014 1759 ager,
1042 1725 1082 1748 ea
1121 1723 1205 1748 sunt
1244 1713 1462 1747 immobilia:
1506 1724 1597 1760 quae

163 1781 206 1805 ex
235 1782 306 1805 uno
335 1772 370 1805 in
398 1772 511 1804 alium
540 1771 661 1806 locum
689 1771 872 1807 transferri
899 1782 1064 1819 possunt,
1093 1783 1131 1808 ut
1156 1772 1280 1819 fruges
1315 1773 1372 1807 vel
1411 1773 1495 1807 artis
1534 1774 1595 1807 in-

163 1843 376 1875 strumenta,
402 1842 484 1873 sunt
510 1834 672 1868 mobilia.

258 1893 312 1938 (2)
339 1893 416 1927 Hoc
442 1903 550 1927 sensu
577 1902 670 1927 recte
698 1892 787 1926 illud
826 1893 944 1928 sanxit
983 1893 1175 1938 Ulpianus,
1204 1893 1226 1928 l.
1261 1903 1323 1931 12..
1351 1894 1382 1939 ᾗ.
1410 1903 1452 1935 1.,
1481 1893 1529 1935 ff„
1558 1893 1597 1926 de

163 1963 235 1998 aeq.
257 1959 406 1998 possess.,
435 1951 568 1985 «Nihil
596 1962 794 1985 commune
818 1951 925 1986 habet
953 1953 1154 1998 proprietas
1195 1963 1276 1986 cum
1315 1952 1593 1998 possessione.»

163 2013 305 2047 Etenim
332 2011 528 2058 aliquando
556 2011 606 2055 fit,
634 2021 671 2046 ut
699 2012 758 2057 qui
788 2023 863 2060 rem
899 2012 1070 2058 possidet,
1097 2024 1171 2047 non
1213 2013 1284 2046 iure
1324 2012 1510 2058 possideat
1535 2012 1597 2046 sed

162 2070 421 2105 tantummodo
442 2069 552 2115 facto.

259 2130 317 2175 (3)
344 2129 402 2165 Cf.
426 2142 545 2176 super.
570 2131 659 2166 thes.
686 2130 772 2164 VIII

257 2190 314 2234 (4)
341 2189 436 2223 Vide
462 2201 582 2236 super.
609 2191 700 2226 thes.
728 2191 788 2226 1V.
828 2202 913 2238 pag.
955 2191 1008 2226 61.
1036 2211 1081 2218 —
1108 2193 1206 2238 Lege
1244 2193 1354 2227 etiam
1394 2191 1437 2226 de
1475 2192 1592 2238 Lugo,

162 2260 224 2295 op.
252 2250 311 2285 cit.
338 2249 427 2296 disp.
454 2250 496 2285 II.
522 2260 609 2286 sect.
641 2263 668 2286 1.
695 2263 795 2287 num.
823 2261 868 2294 4:
911 2253 1174 2295 «Dominium,
1202 2252 1245 2287 de
1285 2264 1356 2299 quo
1396 2252 1592 2299 loquimur,

163 2318 216 2344 est
243 2308 450 2343 dominium
477 2309 693 2353 humanum,
722 2311 765 2345 ad
794 2311 890 2358 quod
917 2311 1047 2346 sufficit
1076 2313 1126 2346 ius
1148 2300 1379 2361 praelationis
1407 2313 1441 2346 in
1475 2312 1596 2346 ordine

161 2368 206 2403 ad
233 2368 319 2403 alios
344 2368 505 2403 homines.
531 2369 626 2404 Nam
654 2381 698 2405 eo
727 2371 806 2416 ipso
835 2370 894 2405 hic
921 2371 1036 2406 homo
1064 2371 1193 2406 dicitur
1223 2371 1394 2407 dominus
1432 2372 1594 2405 humano

162 2428 286 2471 modo,
312 2427 394 2462 licet
420 2439 495 2463 non
522 2429 653 2464 habeat
680 2430 737 2464 ius
763 2429 996 2476 praelationis
1023 2432 1058 2465 in
1086 2431 1213 2466 ordine
1239 2431 1282 2465 ad.
1311 2432 1444 2466 Deum.
1461 2443 1483 2464 »

256 2486 308 2533 (ς)
336 2487 429 2522 Vide
458 2499 485 2522 s.
512 2488 711 2532 Thomam,
740 2499 770 2525 2.
799 2499 832 2524 2.
850 2502 882 2536 q.
901 2488 957 2524 66.
984 2502 1017 2525 a.
1043 2500 1070 2525 1.
1098 2490 1175 2527 Cfr.
1193 2490 1306 2536 Gnry,
1326 2500 1427 2525 tract.
1449 2490 1493 2524 de
1515 2491 1601 2532 inst..

164 2554 200 2583 et
227 2546 303 2582 iure
331 2548 374 2582 ab
403 2547 479 2582 init.
