1737 2802
363 237 407 245 —
434 217 519 264 quid
545 216 720 251 revelatio
747 216 1029 262 supernaturalis
1064 215 1286 251 immediata.
1312 235 1358 242 —
1383 215 1484 259 Quid

364 278 513 312 nomine
538 276 772 311 revelationis
799 275 1006 321 intelligant
1033 275 1292 310 rationalistae.
1321 303 1329 311 .

271 348 327 384 39.
355 337 678 372 Demonstratio.
703 355 753 364 —
773 336 1024 370 Revelationis
1051 336 1283 370 immediatae
1320 335 1482 382 possibi-

364 397 445 431 litas
471 395 674 431 ostenditur
697 416 717 420 —
754 406 796 429 ex
824 404 920 441 parte
945 396 1012 429 Dei
1039 395 1232 430 revelantis
1252 415 1294 420 —
1313 406 1355 429 ex
1381 404 1483 441 parte

363 456 526 491 hominis
552 455 761 501 accipientis
788 454 1049 490 revelationem
1070 476 1110 481 -
1132 466 1174 490 ex
1201 465 1300 501 parte
1325 456 1485 490 veritatis

1496 303 1505 311 .
1554 275 1605 313 ib.

365 516 592 551 revelandae.
644 543 651 550 .
702 505 723 549 .’
763 540 1487 551 .............
1540 513 1607 559 164

269 585 325 618 4ο.
353 576 564 610 Scholion.
590 594 634 600 —
662 574 863 609 Solvuntur
900 574 1209 608 rationalistnrum
1246 574 1486 609 obiectiones.

363 653 410 660 -—
450 634 546 676 Quid
586 633 631 668 sit
669 633 842 668 revelatio
883 642 1044 678 spectata
1082 633 1282 668 subiective
1319 652 1364 659 —
1401 633 1485 680 quid

366 693 492 728 eadem
521 702 681 739 spectata
708 694 887 727 obiective
893 719 1489 729 ...........
1546 692 1610 738 167

175 755 356 799 Thesis
386 752 506 796 XIII.
539 777 597 786 —
630 753 833 797 Revelatio
868 753 1042 795 mediata
1091 760 1145 796 est
1193 753 1411 811 possibilis.
1476 789 1485 798 .
1525 768 1609 811 170

270 835 327 869 41.
355 825 672 860 Praenotiones.
691 844 736 850 —
757 824 852 866 Quid
873 825 917 859 sit
944 825 1118 860 revelatio
1146 825 1376 861 mediata.—
1391 826 1489 870 Quid

369 886 412 919 sit
440 883 615 919 revelatio
643 885 796 930 privata:
826 884 910 931 quid
938 885 1080 930 publica
1085 912 1486 922 ........
1561 886 1610 923 ib.

271 956 327 990 42.
353 946 674 980 Demonstratio.
691 964 734 970 —
752 945 792 979 ln
806 946 1028 980 revelatione
1043 946 1155 980 etiarn
1170 946 1325 981 mediata
1338 945 1492 982 habetur

368 1025 411 1031 —-
428 1017 472 1039 ex
497 1014 598 1050 parte
625 1004 896 1050 accipientium,
916 1004 1005 1039 fides
1024 1005 1104 1040 Deo
1120 1025 1164 1032 —
1179 1017 1222 1040 ex
1247 1014 1347 1053 parte
1371 1015 1492 1041 trans-

368 1065 559 1106 mittentis,
590 1064 728 1099 locutio
757 1076 819 1099 seu
848 1064 1011 1100 doctriua
1043 1066 1123 1101 Dei.
1176 1079 1183 1101 ε
1240 1093 1491 1103 .....
1545 1076 1608 1112 171

273 1135 330 1170 43.
357 1125 566 1160 Scholion.
593 1143 638 1149 —
661 1123 792 1158 Utrum
820 1135 947 1158 verum
974 1124 1030 1166 sit,
1056 1124 1273 1160 revelationi
1311 1125 1491 1161 mediatae

369 1194 445 1218 non
472 1182 593 1218 deberi
619 1193 806 1217 assensum
833 1191 907 1217 tam
934 1183 1092 1226 firmum,
1112 1195 1219 1230 quam
1246 1184 1492 1221 immediatae.
1547 1192 1610 1229 173

179 1243 358 1288 Thesis
393 1243 512 1285 XIV.
545 1267 606 1275 —
631 1242 840 1286 Revelatio
874 1245 1160 1301 mysteriorum
1192 1253 1249 1287 est
1278 1243 1493 1302 possibilis.
1532 1256 1613 1300 175

274 1325 331 1359 44.
359 1315 672 1351 praenotiones.
702 1335 741 1339 —
772 1314 915 1349 Divisio
944 1316 1134 1349 veritatum
1163 1316 1198 1350 in
1224 1335 1271 1343 —-
1296 1315 1494 1352 rationales

371 1394 415 1400 —
443 1372 781 1420 praeterrationales
806 1393 847 1398 —
878 1374 1190 1419 superrationales.
1241 1399 1251 1409 .
1298 1401 1307 1410 .
1358 1401 1366 1410 .
1416 1375 1439 1411 ἰ·-
1478 1403 1488 1411 .
1564 1375 1613 1410 ib.

275 1443 332 1478 45.
359 1434 686 1468 Demonstratio.
714 1451 758 1458 —
791 1443 818 1469 1.
851 1433 938 1468 Dari
977 1434 1147 1468 veritates
1186 1434 1492 1480 superrationales

372 1503 435 1527 seu
462 1492 648 1539 mysteria,
676 1492 849 1538 probatur
866 1512 910 1518 —
938 1503 981 1526 ex
1007 1492 1120 1527 modo
1148 1504 1220 1540 quo
1248 1493 1283 1527 in
1313 1494 1494 1540 cognitio·

372 1564 457 1587 nem
485 1552 690 1586 divinorum
720 1552 952 1597 pervenimus
993 1573 1014 1577 —
1051 1563 1092 1586 ex
1118 1551 1368 1593 intellectuum
1408 1564 1498 1600 gra-⁴

372 1612 477 1646 dibus
503 1630 548 1638 —
575 1622 618 1645 ex
645 1609 788 1645 defectu
815 1622 922 1657 quem
950 1611 987 1644 in
1013 1611 1118 1645 rebus
1146 1611 1415 1658 cognoscendis
1442 1623 1496 1647 ex-

372 1671 542 1716 perimur.
569 1689 614 1696 -
642 1679 673 1705 2.
699 1670 899 1704 Possumus
938 1670 1123 1716 mysteria,
1151 1671 1295 1717 quando
1333 1671 1438 1706 nobis
1476 1683 1496 1706 a

371 1730 453 1764 Deo
472 1738 720 1775 proponantur
739 1729 782 1763 ad
802 1728 1035 1771 credendum,
1056 1729 1262 1776 aliqualiter
1282 1729 1497 1777 intelligere.
1552 1739 1617 1776 177

275 1788 334 1832 46.
360 1789 573 1824 Scholion.
609 1807 657 1814 —
694 1788 893 1824 Solvuntur
932 1788 1164 1824 obiectiones
1203 1789 1336 1836 petitae
1373 1809 1421 1817 —
1454 1802 1498 1826 ex

375 1856 475 1893 parte
500 1847 635 1882 mentis
662 1856 808 1882 nostrae
839 1867 877 1872 —
908 1859 951 1882 ex
979 1858 1079 1893 parte
1106 1847 1282 1894 mysterii.
1310 1875 1320 1885 .
1370 1874 1380 1884 .
1434 1877 1441 1884 .
1493 1877 1502 1884 .
1555 1849 1616 1892 185

277 1916 334 1952 47.
359 1925 405 1932 —
431 1906 627 1950 Agendum
655 1906 817 1940 secundo
845 1915 898 1941 est
925 1906 969 1940 de
997 1906 1255 1942 convenientia
1274 1906 1418 1942 divinae
1444 1919 1498 1944 re·

372 1964 578 2000 velationis,
604 1983 649 1991 -
675 1965 767 1999 Tres
786 1973 907 1999 autem
935 1975 1017 2000 sunt
1037 1965 1269 2012 quaestiones
1295 1967 1408 2001 tribus
1425 1966 1500 2002 the·

374 2024 472 2059 sibus
503 2023 702 2059 solvendae
706 2051 1497 2062 ..............
1553 2036 1620 2073 190

180 2085 362 2130 Thaeis
395 2085 495 2127 XV.
529 2108 588 2117 —
621 2084 844 2142 Revelatio,
867 2099 970 2143 quae
987 2094 1061 2143 pro
1088 2084 1234 2129 obiecto
1255 2084 1399 2129 habeat
1431 2101 1499 2129 ve-

364 2157 504 2198 ritates
535 2155 772 2210 rationales,
800 2162 862 2198 'est
894 2156 1147 2200 conveniens.
1191 2189 1202 2200 .
1563 2156 1621 2204 ib.

279 2225 334 2269 48.
360 2226 683 2262 Demonstratio.
709 2246 755 2252 -
782 2227 843 2261 Est
883 2226 1120 2270 conveniens,
1154 2235 1193 2262 ut
1231 2238 1294 2262 eae
1331 2227 1502 2263 veritates
1612 2228 1616 2231 '

376 2295 569 2321 teneantur
595 2305 638 2313 —-
665 2287 709 2321 ab
737 2287 907 2321 omnibus
931 2303 979 2311 —
1005 2286 1048 2321 de
1073 2285 1169 2321 facili
1195 2305 1240 2313 -
1267 2287 1402 2334 absque
1437 2287 1503 2322 du·

377 2345 554 2380 bitatione
580 2355 614 2380 et
643 2357 762 2381 errore
765 2371 1437 2382 ............
1470 2336 1496 2383 ’.
1571 2345 1623 2383 ib.

283 2414 340 2451 49.
366 2405 583 2440 Scholion.
610 2424 655 2431 —
681 2405 814 2440 Utrum
841 2405 963 2439 divina
988 2404 1117 2439 harum
1143 2404 1374 2439 rationalium
1401 2403 1500 2439 veri-

378 2472 492 2498 tatum
520 2463 694 2498 revelatio
722 2463 793 2498 dici
820 2472 926 2511 queat
951 2463 1152 2498 necessaria
1157 2488 1506 2499 .......
1556 2471 1619 2509 193

187 2523 368 2569 Thesis
400 2523 521 2567 XVI.
547 2548 602 2556 —
624 2523 834 2568 Revelatio
859 2525 1084 2567 veritatum
1107 2521 1504 2581 superrationalium

367 2603 420 2638 est
452 2595 706 2638 conveniens.

1490 2627 1500 2637 .
1540 2593 1624 2647 198
