1737 2802
188 263 495 308 argumenta.»
534 250 669 303 Quod
695 266 799 308 ergo
835 251 915 294 dici
950 251 1074 309 solet,
1099 267 1225 310 posse
1260 267 1281 294 a
1315 251 1454 295 iudice
1488 252 1617 296 cuivis

194 321 413 365 committi
462 322 782 365 exsecutionem
831 324 1093 376 sententiae,
1144 321 1267 366 debet
1314 323 1374 365 sic
1422 322 1617 380 intelligi,

187 406 233 437 ut
265 394 293 436 ii
327 406 578 436 censeantur
626 393 807 447 exclusi,
843 395 916 452 qui
964 409 1051 437 non
1101 406 1199 437 sunt
1247 394 1380 438 idonei
1413 394 1614 449 ministri,

187 464 259 521 qui
292 480 449 522 nempe
492 466 525 506 si
574 465 654 522 ipsi
703 466 957 508 sententiam
1007 477 1308 524 exsequantur,
1342 467 1425 508 iam
1476 480 1615 523 poena

187 535 327 580 evadit
362 535 592 579 inhumana
625 552 698 579 seu
734 537 777 579 in
813 537 1106 581 crudelitatem
1139 537 1205 596 (1)
1239 536 1469 580 declinans.

309 609 376 650 66.
411 608 662 651 SciioLtoN.
689 611 720 652 I.
741 608 930 661 Quando
955 608 1157 652 dominus
1183 610 1242 652 rei
1265 608 1461 666 alicuius,
1486 608 1615 652 huius

187 680 247 723 rei
282 679 351 723 dat
383 679 499 723 alteri
549 695 635 723 non
685 680 861 738 quidem
910 680 1148 738 arbitrium,
1181 680 1255 724 sed
1305 679 1615 724 tantummodo

187 767 331 794 curam
367 750 884 810 administrationemque,
919 752 1019 795 alter
1053 769 1144 796 rem
1178 769 1279 796 suae
1312 752 1612 811 gubernationi

185 822 475 866 concreditam
510 835 678 866 tenetur
711 823 855 867 debito
892 824 1024 867 modo
1059 840 1325 869 conservare.
1360 825 1494 883 Atqui
1528 823 1612 867 hoc

185 906 324 953 pacto,
348 893 399 937 ad
434 896 563 937 vitam
591 894 708 953 quod
742 908 919 953 spectat,
943 912 987 939 se
1020 895 1245 940 nobiscum
1269 897 1378 954 gerit
1407 897 1489 955 (uti
1514 912 1614 955 pro-

184 965 335 1009 batum
369 967 448 1023 est)
482 982 625 1009 rerum
662 968 860 1010 omnium
895 967 1098 1011 dominus
1123 969 1256 1013 Deus.
1283 970 1399 1026 Ergo
1434 969 1614 1013 naturali

185 1052 387 1083 tenemur
422 1039 682 1097 obligatione
717 1041 997 1084 conservandi
1030 1042 1177 1085 vitam.

303 1113 352 1156 In
389 1111 644 1155 huiusmodi
678 1125 819 1156 autem
853 1112 1032 1156 naturali
1077 1113 1219 1156 officio
1254 1113 1458 1170 distingui
1490 1111 1617 1156 debet

186 1199 282 1242 pars
322 1183 495 1242 duplex,
531 1186 725 1241 negativa
759 1196 799 1227 et
826 1186 1017 1243 positiva.
1043 1185 1271 1242 Negative‚
1305 1183 1510 1228 debemus
1544 1183 1612 1227 ab·

184 1257 342 1299 stinere
377 1255 425 1298 ab
461 1257 580 1299 omni
617 1268 727 1314 actu,
760 1257 831 1314 qui
865 1257 919 1300 sit
953 1257 1195 1300 inductivus
1230 1258 1395 1300 mortis:
1432 1269 1477 1299 ut
1514 1268 1615 1299 sunt

183 1339 301 1372 actus
340 1340 485 1386 pectus
519 1327 632 1370 ferro
664 1328 1044 1383 transverberandi‚
1079 1341 1149 1372 aut
1187 1346 1231 1372 se
1265 1345 1308 1372 se
1353 1327 1609 1372 coniiciendi

183 1400 227 1443 in
256 1400 412 1456 ignem,
438 1410 508 1441 aut
536 1415 579 1442 se
602 1415 647 1442 se
670 1398 783 1443 leoni
819 1398 1113 1443 devorandum
1139 1399 1378 1444 obiiciendi.
1403 1400 1611 1456 positive,

184 1470 390 1515 debemus
426 1486 585 1529 ponere
610 1487 683 1514 eos
707 1483 839 1525 actus,
864 1472 936 1529 qui
963 1484 1064 1514 sunt
1087 1470 1226 1515 media
1251 1472 1516 1523 communia,
1542 1485 1614 1513 or-

184 1543 345 1588 dinaria
378 1555 418 1586 et
450 1542 585 1586 facilia
620 1544 955 1587 continuationis
979 1545 1104 1587 vitae.
1129 1544 1243 1587 Hinc
1266 1543 1474 1600 obligatio
1509 1557 1611 1586 con-

180 1617 390 1660 venientis
426 1632 528 1659 usus
564 1615 641 1659 cibi
666 1629 706 1659 et
740 1629 883 1673 potus,
906 1632 1073 1660 necnon
1107 1616 1286 1660 aliarum
1321 1633 1479 1674 rerum,
1503 1632 1612 1675 quae

183 1687 483 1747 quotidianum
517 1689 676 1731 virium
711 1687 984 1745 physicarum
1022 1687 1237 1731 defectum
1271 1701 1341 1731 aut
1374 1701 1516 1732 arcent
1539 1697 1612 1731 aut

183 1759 397 1818 supplent:
434 1761 536 1802 item
569 1772 767 1817 tempore
816 1758 1078 1802 infirmitatis
1127 1759 1332 1817 obligatio
1381 1759 1608 1803 adhibendi

184 1831 373 1875 remedia
409 1844 625 1887 consueta,
659 1843 699 1873 et
732 1846 839 1889 quae
872 1832 912 1873 in
947 1844 1092 1874 nostra
1126 1844 1225 1874 sunt
1264 1844 1493 1889 potestate,
1530 1832 1609 1874 etsi

184 1919 273 1947 non
302 1905 385 1946 sint
419 1920 439 1946 a
473 1904 620 1961 quavis
655 1889 851 1946 molestia
884 1904 1086 1947 seiuncta:
1111 1919 1199 1947 uno
1232 1903 1381 1957 verbo,
1407 1903 1613 1961 obligatio

183 1974 449 2018 moderatam
485 1975 535 2018 de
568 1973 812 2017 valetudine
846 1990 991 2018 curam
1025 1973 1219 2018 habendi.
1254 2001 1310 2008 —
1341 1975 1408 2018 Ad
1443 1991 1533 2018 rem
1558 1973 1610 2018 de

183 2044 308 2104 Lugo
332 2046 409 2105 (2):
436 2047 567 2090 «Non
591 2045 735 2089 solum
760 2045 913 2089 dicitur
931 2062 975 2089 se
999 2047 1243 2090 interimere
1267 2046 1416 2101 homo,
1436 2047 1609 2105 quando

183 2117 295 2162 ferro
328 2134 373 2162 se
406 2119 576 2173 occidit,
612 2119 684 2162 sed
718 2120 846 2162 etiam
895 2119 1066 2176 quando
1101 2119 1252 2163 mediis
1304 2120 1609 2164 communibus

278 2339 335 2385 (1)
361 2338 455 2374 Vide
473 2351 526 2381 ea,
546 2351 635 2386 quae
652 2339 694 2373 de
710 2338 918 2374 crudelitate
932 2338 1038 2373 habet
1055 2350 1080 2373 s.
1097 2338 1272 2381 Thomas,
1292 2350 1323 2374 2.
1340 2350 1371 2374 2.
1387 2352 1418 2386 q.
1444 2349 1519 2387 159.
1534 2351 1566 2375 a.
1579 2349 1611 2375 2.

277 2399 332 2444 (2)
359 2398 429 2445 Op.
459 2409 492 2434 et
521 2399 542 2434 l.
569 2400 626 2434 cit.
657 2410 756 2433 num.
785 2409 840 2443 27.
867 2418 910 2424 —
940 2399 979 2432 ln
1007 2400 1124 2444 primo
1151 2410 1245 2442 casu,
1273 2400 1348 2433 eius
1378 2411 1510 2446 nempe
1549 2401 1609 2446 qui

181 2454 276 2492 ferro
303 2469 340 2492 se
367 2457 511 2500 occidit,
540 2458 717 2491 habemus
745 2456 953 2504 exemplum
982 2457 1120 2492 suicidii
1157 2457 1353 2492 voluntarii
1390 2457 1510 2491 diserti
1546 2469 1609 2492 seu

177 2519 334 2565 positivi:
358 2518 390 2552 in
413 2519 526 2553 altero
547 2530 643 2555 casu.
665 2519 739 2552 eius
758 2519 928 2552 nimirum
950 2519 1008 2565 qui
1026 2517 1118 2551 nihil
1138 2517 1246 2552 vellet
1266 2518 1469 2561 comedere,
1488 2529 1607 2552 exem-

182 2577 281 2624 plum
308 2577 487 2613 habemus
515 2577 653 2612 suicidii
682 2578 879 2613 voluntarii
906 2578 1064 2612 indirecli
1092 2589 1154 2612 seu
1180 2579 1346 2623 nagattvi.
1373 2577 1464 2612 Vide
1491 2589 1610 2624 super.

183 2637 256 2672 vol.
285 2647 312 2672 x.
341 2636 432 2672 thes.
457 2638 555 2673 XIII.
585 2649 666 2684 pag.
698 2646 773 2681 113.
