1737 2802
1577 76 1585 90 ¹-
1727 78 1737 90 η

784 125 1050 168 ..302-

317 208 368 251 11.
403 207 508 250 Non
541 206 696 250 desunt
730 207 923 264 profecto
958 220 1170 263 auctores,
1203 209 1276 267 qui
1310 208 1485 254 effatum
1523 209 1631 254 illud

198 277 280 320 alio
305 277 438 320 modo
473 277 727 335 intelligant,
761 291 800 322 et
835 277 1062 322 admittant
1095 279 1208 324 bona
1240 282 1389 325 omnia
1421 281 1470 326 ab
1505 283 1631 328 initio

199 347 329 391 fuisse
365 351 614 392 communia
662 351 976 393 communione
1020 352 1212 408 positiva.
1246 377 1302 386 —
1337 354 1434 396 Hoc
1481 366 1628 399 autem

196 435 283 462 non
318 420 471 464 eodem
507 436 660 464 omnes
695 420 829 464 modo
865 423 1116 479 concipiunt
1148 435 1189 466 et
1223 424 1449 481 explicant.

314 492 444 535 Mitto
480 497 521 539 α)
546 508 620 535 eos
644 494 716 550 qui
751 491 976 549 affirmant,
1001 493 1113 537 bona
1138 495 1287 538 omnia
1314 496 1371 539 ita
1392 496 1445 540 ad
1468 512 1621 542 omnes

195 575 290 605 actu
311 575 413 606 tunc
434 564 706 621 pertinuisse,
738 576 781 606 ut
806 564 993 607 humana
1017 567 1308 609 communitas
1330 567 1509 610 naturali
1530 570 1629 627 lege

194 649 410 680 teneretur
431 652 680 693 permanere
703 637 744 678 in
763 636 831 679 tali
855 637 1037 694 positiva
1057 636 1272 681 bonorum
1294 640 1622 684 communione.

196 733 254 744 —
271 710 387 751 Haec
411 710 529 751 enim
553 720 616 750 est
640 709 851 751 sententia
883 710 1264 766 commmzistarum,
1289 709 1518 753 excludens
1543 711 1628 768 pri-

195 792 289 822 vata
322 779 513 823 dominia
537 792 688 837 utpote
712 779 891 822 naturali
929 779 1010 835 legi
1037 781 1263 838 contraria,
1287 796 1416 839 quam
1450 791 1627 826 senten-

198 853 301 894 tiam
336 852 436 893 satis
471 852 511 893 in
548 850 824 908 praecedente
859 851 968 893 thesi
1009 850 1304 895 refutavimus.

317 925 399 968 Alii
419 923 467 983 β)
487 938 695 977 asserunt,
715 926 861 967 omnia
884 937 1021 967 terrae
1043 924 1155 967 bona
1177 925 1232 968 ita
1251 937 1348 968 actu
1368 926 1627 983 pertinuisse

198 996 248 1040 ad
273 1010 426 1040 omnes
451 995 672 1039 collective
692 996 908 1053 homineS,
927 1009 972 1039 ut
991 1009 1134 1039 tamen
1155 999 1446 1040 communitas
1467 1010 1630 1055 posset,

199 1067 379 1111 naturali
414 1067 507 1125 lege
543 1068 584 1111 id
634 1068 815 1110 omnino
867 1067 1152 1122 concedente,
1184 1067 1388 1112 inducere
1435 1068 1630 1112 dominia

198 1140 357 1197 privata
389 1140 423 1181 si
458 1139 560 1182 haec
594 1139 840 1182 viderentur
873 1140 1008 1191 utilia,
1051 1140 1189 1182 immo
1225 1139 1396 1183 deberet
1426 1139 1630 1184 inducere

196 1213 231 1255 si
266 1227 313 1255 ea
346 1211 574 1255 evaderent
624 1212 873 1255 necessaria.
923 1212 975 1254 Et
1024 1227 1171 1268 reapse
1204 1212 1276 1254 vix
1326 1227 1372 1255 ac
1419 1227 1628 1255 numerus

199 1283 428 1326 hominum
466 1283 600 1339 caepit
633 1282 799 1339 augeri,
837 1283 1148 1338 communitas,
1182 1281 1348 1340 publica
1395 1284 1539 1340 quiete
1579 1298 1627 1326 ac

195 1355 477 1413 prosperitate
511 1355 570 1396 sic
603 1355 818 1409 exigente,
855 1355 1002 1396 statuit
1027 1367 1066 1397 et
1101 1353 1305 1408 decrevit,
1330 1354 1440 1397 bona
1467 1355 1510 1396 in
1534 1370 1624 1398 me-

195 1425 267 1469 dio
302 1441 461 1483 ponere
495 1427 551 1468 ita
574 1438 621 1468 ut
654 1426 738 1467 iam
763 1438 904 1468 essent
937 1434 1030 1468 actu
1063 1424 1221 1468 nullius
1255 1438 1296 1469 et
1325 1426 1367 1468 in
1401 1437 1626 1483 posterum

193 1497 343 1541 fierent
392 1499 519 1554 primi
569 1498 832 1554 occupantis
867 1522 922 1530 —
958 1499 1075 1540 Haec
1118 1510 1182 1540 est
1229 1498 1457 1550 sententia,
1495 1512 1627 1555 quam

193 1583 388 1613 auctores
421 1569 565 1626 aliqui,
598 1570 712 1626 iique
761 1584 910 1625 graves
945 1569 1071 1611 etiam
1116 1584 1162 1611 ac
1203 1568 1333 1620 docti,
1371 1580 1625 1625 sequuntur.

193 1642 260 1685 De
294 1657 374 1698 qua
408 1641 619 1684 sententia
654 1640 741 1683 duo
777 1640 879 1682 haec
915 1639 1184 1682 subiicimuS.

310 1712 617 1756 Animadverte
647 1712 724 1770 1⁰.)
760 1727 857 1754 cum
884 1711 1012 1755 Card.
1038 1710 1089 1754 de
1123 1711 1249 1767 Lugo
1273 1712 1348 1767 (1⁴J:
1381 1709 1484 1766 «Id,
1507 1708 1626 1767 quod

189 1785 354 1841 dicunt,
373 1785 634 1828 divisionem
657 1799 744 1827 non
770 1784 963 1841 potuisse
988 1782 1077 1825 fieri
1102 1782 1264 1840 absque·
1285 1781 1458 1825 decreto
1481 1780 1626 1838 aliquo

190 1857 257 1901 vel
291 1857 614 1899 communitatis
648 1855 713 1899 vel
748 1855 949 1912 principis
987 1853 1179 1896 habentis
1204 1865 1462 1910 potestatem
1497 1867 1626 1910 supra

192 1928 552 1971 communitatem
602 1931 677 1978 (21,
728 1927 991 1969 durissimum
1040 1924 1223 1968 videtur.
1273 1923 1455 1968 Seclude
1507 1924 1624 1967 enim

188 2150 323 2185 nudam
353 2159 388 2184 et
413 2149 600 2184 incultam.
627 2148 760 2182 Nonne
787 2149 896 2183 satius
923 2147 1192 2182 successoribus
1221 2155 1284 2188 est,
1304 2153 1437 2180 terram
1457 2145 1624 2190 accipere

186 2210 366 2244 excultam
396 2219 429 2244 et
456 2207 671 2243 florentem?
712 2229 737 2232 -
770 2208 873 2242 Adde
901 2208 1156 2253 generationes
1186 2207 1361 2250 interseri,
1389 2217 1462 2240 non
1490 2214 1624 2250 autem,

186 2278 224 2303 ut
251 2269 285 2302 in
315 2269 422 2304 effato
451 2269 513 2303 illo
538 2269 695 2314 supponi
723 2268 878 2306 videtur,
909 2267 1016 2301 simul
1047 2276 1080 2301 et
1108 2266 1222 2300 semel
1249 2266 1476 2300 occumbere.

281 2329 333 2374 (ι)
365 2330 451 2364 Loc.
481 2329 551 2363 iam
579 2339 674 2373 saep.
703 2328 762 2363 cit.
789 2339 889 2362 num.
918 2337 947 2368 4.

280 2388 335 2433 (2)
366 2388 402 2421 Id
431 2400 515 2421 sane
543 2387 648 2422 debet
686 2387 721 2421 in
749 2387 815 2421 hac
854 2386 1050 2429 sententia,
1078 2396 1181 2420 secus
1220 2385 1323 2434 acnin
1364 2393 1501 2425 nostra,
1539 2381 1622 2417 dici.

185 2447 453 2493 Indapcntlenlar
471 2461 492 2480 ιι
512 2447 644 2481 decreto
661 2458 716 2480 sau
735 2457 896 2480 consensu
915 2445 1186 2487 communitatis,
1206 2444 1348 2479 nullum
1369 2453 1454 2478 tunc
1481 2450 1621 2488 poterat

179 2508 301 2542 enasci
329 2508 508 2552 privatum
529 2507 733 2540 dominium
761 2518 803 2540 ex
827 2506 877 2540 rei
904 2505 1164 2550 occupatione,
1194 2504 1353 2550 itemque
1381 2514 1422 2537 ex
1443 2501 1621 2536 industria

178 2567 275 2600 ,circa
301 2577 376 2600 rem
404 2573 620 2610 occupatam
647 2564 817 2604 adhibita,
849 2563 970 2597 nullus
998 2572 1084 2598 tunc
1118 2561 1246 2600 [uisset
1273 2560 1398 2596 titulus
1438 2559 1622 2594 sufficiens

177 2625 225 2664 ,ad
254 2625 514 2673 proprietatem
543 2624 720 2670 privatam
751 2623 1012 2658 inducendam.
