1737 2802
719 87 988 141 -285—

136 180 370 225 tributione
402 180 592 224 laborum
625 193 667 224 et
711 181 941 238 fructuum.
974 182 1091 227 Nam
1128 184 1280 240 primo,
1314 182 1381 226 alii
1431 183 1566 229 debe-

136 265 230 296 rent
263 252 378 294 mitti
411 251 462 294 ad
495 251 755 295 excolendos
789 268 933 309 agros,
966 252 1034 295 alii
1069 251 1271 297 deberent
1305 255 1478 298 retineri
1525 257 1567 298 in

136 324 307 367 civitate
339 321 391 365 ad
425 321 740 379 rempublicam
774 323 1112 380 gubernandam:
1145 339 1250 381 ergo
1286 325 1327 366 in
1361 324 1438 368 hac
1477 327 1567 384 ipsa

136 409 320 438 onerum
356 408 431 435 seu
466 392 654 436 laborum
689 393 992 437 distributione
1026 393 1187 438 multae
1215 396 1432 438 orirentur
1465 412 1568 454 que-

136 464 260 509 relae.
294 464 388 508 Nec
424 463 553 517 dicas,
588 479 715 521 posse
750 464 834 507 hoc
881 466 1225 523 uniuscuiusque
1273 465 1448 510 arbitrio
1497 483 1570 511 re-

133 536 284 593 linqui,
319 536 488 577 cuinam
525 551 649 578 curae
697 551 772 579 seu
808 536 962 580 laboris
1013 538 1158 593 generi
1196 553 1242 580 se
1275 553 1320 581 se
1367 538 1566 596 applicet:

133 607 351 666 siquidem
385 608 573 650 maxima
605 607 717 661 inde,
757 620 803 650 ut
848 620 976 665 patet,
1010 609 1194 651 oriretur
1229 609 1441 653 confusio.
1493 609 1566 653 Se-

133 679 277 736 cundo,
311 678 405 736 plus
440 694 494 721 ex
529 677 736 721 fructibus
787 678 958 722 deberet
992 679 1168 723 retribui
1201 681 1251 722 iis
1286 681 1359 738 qui
1395 694 1569 725 manent

133 753 177 794 in
209 752 395 804 civitate,
430 762 582 807 utpote
616 750 904 807 dignioribus,
934 766 1063 808 quam
1099 751 1149 793 iis
1184 752 1258 808 qui
1297 751 1490 795 laborant
1522 753 1569 794 in

133 836 251 879 agro,
286 834 435 880 utpote
470 821 707 877 vilioribus3
741 837 847 878 ergo
897 823 938 864 in
982 821 1058 864 hac
1097 824 1318 880 fructuum
1364 823 1566 866 distribu-

132 894 251 936 tione
285 894 502 936 orirentur
539 894 789 936 innumerae
825 893 1021 949 querelae
1057 895 1323 936 causantium
1368 910 1459 951 θος,
1492 896 1566 952 qui

132 965 277 1007 minus
311 964 506 1007 laborant
540 965 581 1007 in
616 964 864 1007 excolendis
899 965 1026 1021 agris,
1062 965 1198 1021 magis
1233 963 1313 1006 frui
1354 964 1564 1008 fructibus

132 1051 354 1093 agrorum,
388 1051 462 1079 eos
497 1049 658 1088 autem,
693 1037 766 1093 qui
792 1037 929 1092 tnagis
963 1035 1169 1092 laborant,
1195 1038 1339 1079 minus
1375 1036 1455 1080 frui
1481 1037 1568 1080 fru-

133 1106 268 1150 ctibus
305 1122 513 1150 manuum
550 1121 741 1150 suarum.
777 1131 835 1139 —
869 1108 986 1149 Haec
1020 1108 1287 1164 Aristoteles,
1321 1124 1449 1166 sagax
1497 1108 1566 1152 ille

133 1178 429 1221 humanorum
465 1193 642 1220 morum
677 1178 927 1235 inquisitor,
953 1177 1179 1221 confirmat
1212 1195 1262 1221 ex
1296 1180 1566 1236 inspectione

132 1249 230 1292 facti
282 1249 336 1292 ob
380 1250 579 1292 omnium
630 1248 780 1291 oculos
832 1250 978 1306 positi,
1027 1249 1224 1292 videlicet
1274 1251 1316 1293 in
1367 1251 1564 1293 convictu

131 1322 302 1379 quovis,
343 1322 385 1362 in
420 1336 507 1378 quo
553 1319 677 1362 multi
727 1321 1051 1363 communicant
1085 1322 1127 1363 in
1179 1321 1320 1376 bonis,
1359 1323 1461 1364 oriri
1510 1321 1569 1365 fa-

131 1391 288 1435 cillime
323 1390 618 1434 dissensiones
652 1406 697 1433 ac
731 1391 882 1447 iurgia.
907 1391 979 1434 Sic
1012 1392 1120 1434 socii
1155 1393 1197 1434 in
1233 1392 1562 1449 peregrinando,

130 1479 267 1517 quum
301 1479 352 1505 ex
385 1463 569 1506 indiviso
603 1462 711 1505 bona
739 1463 1001 1520 possideant,
1027 1479 1152 1521 saepe
1176 1462 1387 1507 dissident
1409 1463 1461 1507 de
1486 1465 1565 1506 mi-

129 1536 259 1578 nimis
294 1534 432 1578 rebus:
468 1535 571 1577 item
622 1535 733 1577 inter
767 1533 1032 1577 domesticos
1068 1546 1108 1577 et
1158 1549 1309 1577 servos
1343 1534 1473 1577 simul
1523 1535 1566 1577 in

129 1605 253 1649 bonis
295 1607 666 1649 communicantes
715 1617 954 1662 exsurgunt
1002 1605 1171 1648 crebrae
1221 1605 1474 1649 discordiae.
1507 1632 1565 1637 ——

130 1680 248 1723 Haec
282 1692 425 1722 autern
462 1678 758 1736 Philosophus
793 1679 1012 1722 concludit
1045 1679 1160 1723 hisce
1194 1679 1348 1723 verbis:
1391 1680 1449 1723 1&
1484 1676 1565 1739 μὲν

129 1740 205 1793 οὖν
239 1750 393 1801 κοινὰς
428 1751 536 1793 εἰναι
570 1749 649 1802 722,-
684 1749 816 1800 κτήσ;
822 1765 858 1801 ις
902 1749 1075 1802 ταύτας
1109 1765 1150 1792 ·.·:
1196 1765 1272 1794 και
1309 1750 1458 1803 ἀὶὶας
1491 1766 1567 1794 το-

130 1821 292 1874 ιαύτας
326 1820 413 1881 ἔχη
447 1819 584 1882 δυο-χε
590 1837 632 1883 ps
638 1820 721 1873 223:
764 1837 1063 1864 «communes
1099 1823 1232 1879 igitur
1265 1837 1358 1865 esse
1394 1837 1568 1880 posses-

129 1895 275 1938 siones
301 1906 341 1937 et
364 1894 437 1936 has
463 1906 503 1937 et
525 1894 633 1937 alias
652 1892 904 1936 huiusmodi
924 1892 1048 1936 habet
1069 1892 1352 1950 difficultates;
1372 1911 1391 1934 »
1422 1906 1564 1937 actum

129 1965 324 2024 profecto
361 1964 471 2008 foret
493 1962 557 2008 'de
581 1963 719 2007 debita
753 1965 861 2007 inter
886 1963 1085 2007 homines
1121 1964 1352 2007 concordia
1385 1980 1432 2007 ac
1451 1973 1564 2022 pace.

248 2038 422 2093 Nonne,
459 2037 669 2080 obiiciunt
718 2037 1050 2093 communistae,
1090 2052 1237 2080 nonne
1279 2038 1407 2080 etiam
1441 2037 1564 2091 illud,

129 2108 248 2167 quod
280 2110 579 2166 possessiones
614 2109 699 2151 sint
734 2109 934 2165 privatae,
970 2107 1094 2150 habet
1131 2108 1288 2151 multas
1324 2124 1563 2167 gravesque

129 2179 431 2224 difficultates?
465 2195 611 2223 nonne
645 2181 772 2223 etiam
807 2196 856 2222 ex
890 2178 1098 2222 dominiis
1133 2180 1307 2237 privatis
1342 2179 1478 2223 multa
1526 2193 1567 2223 et

129 2252 273 2308 gravia
309 2251 508 2294 oriuntur
542 2251 682 2293 mala?
717 2249 982 2293 Huiusmodi
1018 2249 1126 2292 malt
1174 2262 1274 2292 sunt
1322 2249 1417 2293 lites
1458 2251 1567 2294 circa

129 2333 392 2373 contractus,
429 2323 740 2377 accusationes,
762 2320 1149 2378 filsatestimonia,
1173 2320 1439 2365 adulationes
1464 2323 1564 2380 qui-

127 2393 206 2436 bus
241 2408 452 2451 pauperes
486 2405 757 2436 assentantur
792 2391 994 2435 divitibus
1030 2404 1108 2436 etc.
1133 2417 1190 2426 —
1213 2393 1567 2450 Respondemus,

128 2474 315 2522 quatuor
352 2464 454 2507 haec
489 2479 587 2506 cnm
609 2464 763 2508 eodem
786 2463 1058 2522 Philosopho
1085 2463 1268 2507 breviter
1292 2463 1567 2508 animadver-

128 2547 279 2585 tentes.
310 2535 387 2594 10.)
422 2536 585 2579 Eorum
611 2535 827 2579 malorum
862 2534 967 2578 nihil
1001 2536 1216 2579 enascitur
1265 2552 1316 2579 ex
1364 2535 1564 2580 dominio
