1737 2802
762 117 1029 159 -312-

298 201 412 242 Pnzs
447 212 596 242 PRIOR.
622 198 963 243 Consideremus
984 201 1119 257 primo
1143 199 1357 244 theoriam
1387 199 1611 246 Hobbesii.

177 273 342 314 Auctor
375 269 458 326 hic,
495 282 538 312 ut
573 271 657 312 iam
692 269 895 327 diximus,
918 269 1114 328 affirmat,
1142 287 1500 330 unumquemque
1533 271 1610 316 ho-

178 343 340 384 minem
381 359 401 384 a
444 354 593 384 natura
642 342 889 386 immediate
939 342 1090 386 habere
1139 342 1383 387 dominium
1433 343 1609 402 plenum

176 430 303 472 supra
339 429 404 456 res
450 429 623 466 omnes,
660 415 715 456 ita
749 426 794 456 ut
845 416 1144 472 unusquisque
1179 414 1316 471 possit
1357 413 1405 457 ab
1453 430 1534 458 usu
1569 427 1610 457 et

178 486 464 542 dispositione
514 487 826 543 cuiuscumque
876 488 934 528 rei
990 499 1154 529 ceteros
1199 485 1436 530 excludere.
1490 487 1611 529 Hanc

177 558 449 612 sententiam,
483 573 592 614 quae
626 559 796 614 penitus
835 557 1017 600 absurda
1059 570 1136 614 est,
1170 558 1314 615 paucis
1353 555 1610 600 refellemus,

302 628 371 685 1⁰.)
406 630 603 685 Arguere
638 644 691 671 ex
718 629 767 671 iis
804 644 1057 686 possumus,
1081 644 1187 686 quae
1212 627 1610 671 demonstravimus

176 700 216 740 in
235 698 345 742 thesi
364 701 573 756 vigesima
596 713 730 744 sexta.
752 702 946 745 Tantum
972 701 1103 754 abest,
1127 713 1172 743 ut
1191 713 1339 744 natura
1361 699 1612 742 immediate

176 769 342 813 dederit
377 772 560 828 singulis
597 771 850 815 hominibus
885 772 1047 815 actuale
1080 773 1121 814 in
1157 787 1223 815 res
1258 787 1411 814 omnes
1453 772 1534 827 ius,
1569 783 1613 813 ut

174 858 197 884 e
232 844 446 885 contrario
482 843 561 886 dici
598 842 760 901 debeat,
785 845 923 902 ipsam
948 858 1146 887 naturam
1170 844 1334 887 nemini
1360 843 1612 887 immediate

177 912 346 956 dedisse
381 914 543 957 actuale
579 914 822 957 dominium
860 917 919 959 rei
955 915 1082 958 ullius
1118 917 1160 958 in
1209 914 1463 973 particulari.
1514 915 1613 958 Hoc

177 984 338 1027 actuale
371 987 430 1027 rei
481 986 789 1030 determinatae
840 987 1084 1031 dominium
1136 987 1260 1031 debet
1310 988 1610 1045 unusquisque

174 1055 254 1098 sibi
280 1072 514 1114 procurare
548 1058 788 1101 rationabili
813 1072 853 1101 et
876 1061 989 1102 iusto
1015 1060 1215 1117 propriae
1238 1060 1464 1103 activitatis
1493 1075 1612 1102 exer-

173 1127 274 1169 citio
312 1127 397 1184 (1).

296 1199 378 1257 2⁰.)
411 1199 721 1243 Animadverte
756 1203 931 1259 insuper
968 1203 1281 1259 cuiuscumque
1315 1201 1508 1244 hominis
1542 1201 1612 1243 in—

175 1269 389 1326 digentias
425 1287 518 1314 esse
550 1272 671 1320 valde
706 1272 859 1316 finitas:
894 1288 981 1315 non
1017 1275 1162 1315 omnia
1197 1289 1298 1315 sane
1329 1284 1466 1316 terrae
1500 1271 1612 1315 bona

176 1342 474 1397 requiruntur,
512 1356 556 1385 ut
591 1344 639 1385 iis
673 1343 863 1386 satisfiat.
900 1346 989 1388 Cur
1024 1346 1154 1401 igitur
1189 1343 1306 1387 hisce
1339 1343 1447 1388 adeo
1481 1343 1612 1386 finitis

175 1413 426 1469 indigentiis
461 1414 686 1472 explendis
722 1430 871 1458 natura
906 1415 1158 1458 hominibus
1193 1415 1373 1473 singulis
1409 1428 1454 1458 ut
1504 1430 1612 1473 pro-

174 1484 265 1540 pria
299 1484 561 1528 attribuisset
596 1488 742 1528 onmia
778 1503 956 1544 prorsus
990 1500 1127 1530 terrae
1162 1486 1301 1530 bona?
1336 1487 1477 1530 Stulte
1511 1501 1611 1543 pro-

174 1553 287 1598 fecto
321 1557 497 1612 egisset.
534 1557 617 1601 Sed
653 1558 734 1600 hoc
770 1558 924 1611 dicere,
959 1572 1154 1601 naturam
1200 1559 1453 1615 insipienter
1502 1573 1613 1614 ope-

175 1627 272 1683 rari,
307 1627 542 1670 absurdum
576 1642 639 1672 est
673 1642 712 1672 et
750 1631 951 1688 impium.

300 1698 379 1755 3⁰.)
414 1699 474 1742 Ex
509 1700 590 1742 alio
624 1702 750 1743 etiam
788 1702 923 1759 capite
958 1702 1210 1758 insipienter
1243 1701 1402 1757 egisset
1447 1711 1613 1742 natura.

174 1768 347 1811 Etenim
384 1770 565 1827 singulis
601 1771 850 1814 hominibus
877 1772 1069 1815 dedisset
1093 1772 1221 1814 simul
1246 1784 1286 1815 et
1310 1787 1397 1814 non
1424 1770 1566 1814 dediss
1585 1782 1613 1812 :t

175 1840 240 1882 ius
274 1841 324 1884 ad
361 1858 426 1884 res
451 1856 659 1886 externas.
685 1844 902 1901 Dedisset‚
932 1857 979 1887 ut
1012 1845 1054 1886 in
1088 1844 1165 1887 hac
1199 1844 1367 1887 theoria
1391 1842 1612 1886 asseritur.

174 1913 279 1956 Non
329 1913 535 1969 dedisset,
587 1918 686 1972 quia
733 1916 916 1972 singulis
967 1915 1141 1973 elargita
1191 1928 1303 1959 esset
1351 1913 1612 1967 facultatem,

175 1999 305 2040 quam
341 1988 469 2028 ceteri
505 2003 591 2029 non
628 2000 878 2030 tenerentur
910 2003 1144 2044 agnoscere
1178 2003 1224 2030 ac
1259 1986 1444 2030 revereri
1494 1997 1611 2028 tam-

175 2071 305 2112 quam
340 2057 643 2101 inviolabilem:
681 2057 854 2101 facultas
889 2072 1050 2112 autem,
1085 2074 1213 2115 quam
1250 2057 1377 2100 ceteri
1412 2070 1500 2099 non
1544 2068 1614 2097 te-

275 2331 329 2375 (1)
358 2331 474 2373 Adde,
503 2331 682 2378 quaedam
712 2331 759 2366 ita
789 2342 866 2366 esse
893 2330 1104 2366 naturaliter
1133 2329 1339 2372 communia,
1367 2337 1405 2364 ut
1433 2337 1617 2376 nequeant

180 2388 257 2423 fieri
278 2391 436 2436 propria.
464 2391 555 2425 Vide
584 2402 699 2437 super.
728 2402 809 2437 patr.
840 2400 919 2434 277.
945 2390 1068 2424 adnot.
1097 2399 1126 2424 2.
1156 2390 1234 2424 Huc
1262 2388 1344 2423 facit
1371 2387 1460 2422 illud
1486 2387 1612 2429 Tullii,

180 2460 245 2494 pro
272 2450 380 2484 Rosc.
408 2451 532 2484 Amet.
563 2451 587 2485 1.
618 2462 659 2485 2.:
685 2459 760 2484 «ut
789 2461 870 2484 cum
898 2449 1077 2485 ademerit
1102 2449 1209 2484 nobis
1228 2448 1353 2483 omnia
1380 2458 1472 2495 quae
1489 2457 1615 2482 nostra

180 2517 280 2544 erant
305 2510 464 2554 propria,
492 2521 536 2543 ne
576 2510 692 2543 lucem
723 2520 866 2555 quoque
904 2510 998 2547 hanc
1028 2520 1119 2558 quae
1159 2507 1346 2543 communis
1383 2515 1448 2549 est,
1476 2507 1615 2552 eripere

171 2571 307 2615 cupiat.
326 2584 346 2601 »
