1737 2802
667 104 911 152 -81—

42 185 193 260 'cessat
222 212 295 243 aut
318 194 595 257 'extinguitur‚
625 199 703 244 sed
734 200 936 244 alterutra
966 198 1242 257 suspenditur.
1278 199 1416 244 Cuius
1441 199 1503 242 rei

65 271 305 330 perspicue,
337 283 383 312 ut
416 270 540 324 solet,
573 271 783 314 rationem
816 270 935 314 affert
967 271 1127 315 Suarez
1158 269 1246 328 (1):
1291 288 1314 308 «
1333 271 1394 313 Ut
1433 269 1504 313 lex

66 341 319 399 simpliciter
348 349 476 393 cesset,
510 343 801 385 necessarium
834 355 915 394 est,
940 354 987 384 ut
1020 341 1112 384 eius
1145 342 1252 384 ratio
1293 353 1505 398 perpetuo

69 423 205 456 cesset
234 411 502 470 generaliter.
536 413 649 455 Nam
682 413 718 455 si
751 413 801 455 al
834 426 1007 470 tempus
1047 424 1214 454 tantum
1248 412 1308 453 sic
1341 426 1508 454 cessare

66 483 276 538 videatur,
307 497 410 526 tunc
442 485 587 541 potius
632 484 898 542 suspendetur
947 483 1152 540 obligatio
1200 482 1324 540 legis,
1373 499 1504 541 quam

70 555 162 612 ipsa
184 556 472 612 extinguatur;
490 555 589 612 quia
610 570 699 598 non
719 553 767 598 fit
789 554 1040 612 simpliciter
1057 554 1220 597 inutilis
1248 554 1317 597 vel
1336 555 1507 610 iniusta,

69 625 146 670 sed
178 639 346 674 tantum
379 641 458 684 pro
491 626 573 669 hoc
605 640 821 684 tempore,
856 639 897 670 et
929 626 1026 670 ideo
1059 626 1238 668 limitata
1291 641 1415 669 causa
1457 625 1507 668 li-

62 698 270 741 mitatum
303 699 413 756 parit
443 697 657 741 effectum.
691 698 808 755 Ergo
840 698 1103 756 suspenditur
1136 699 1218 751 lex,
1245 712 1333 740 non
1374 699 1509 740 extin-

67 769 258 825 guitur.»

80 839 110 862 ‘¹
190 839 330 884 Simili
364 841 527 883 ratione
559 854 662 884 tuuc
695 841 762 883 ius
797 853 930 883 cessat
954 852 995 882 et
1019 840 1301 896 extinguitur,
1324 839 1500 898 quando

72 910 140 954 vel
171 909 330 954 desinit
362 913 551 968 materia,
585 913 695 955 circa
730 928 861 971 quam
895 913 960 954 ius
994 924 1203 969 versatur,
1236 937 1293 944 —
1325 912 1395 955 vel
1437 911 1510 955 de-

71 982 254 1026 struitur
286 983 448 1035 titulus,
485 985 527 1026 in
578 999 666 1042 quo
720 984 934 1035 innititur,
970 1008 1025 1016 —
1059 982 1125 1026 vel
1174 982 1255 1039 lex,
1288 998 1397 1040 quae
1443 983 1512 1026 ius

70 1052 370 1097 confert'cum
404 1054 481 1097 hac
515 1055 703 1098 clausula
738 1056 826 1098 sive
859 1055 984 1098 tacita
1017 1055 1106 1097 sive
1158 1069 1374 1112 expressa,
1406 1069 1512 1113 quo-

74 1139 199 1183 usque
213 1126 463 1168 contrarium
487 1141 565 1168 non
583 1134 807 1182 statuatur,
826 1125 1014 1169 decernit
1049 1127 1329 1178 contrarium,
1361 1151 1419 1159 —
1443 1125 1513 1169 vel

75 1195 248 1254 quando
282 1197 363 1248 ius,
407 1197 525 1255 quod
574 1197 711 1240 valide
760 1197 933 1240 alienari
985 1210 1145 1255 potest,
1178 1197 1391 1240 alienatur
1423 1197 1511 1256 (2).

74 1269 208 1326 Atqui
239 1269 283 1310 in
315 1268 476 1311 iurium
512 1268 712 1312 conflictu
742 1278 816 1327 pgr
856 1284 888 1311 se
922 1281 964 1312 et
985 1271 1028 1311 vi
1060 1269 1277 1312 collisionis
1302 1268 1410 1311 nihil
1433 1268 1513 1312 ho-

72 1352 172 1380 rum
204 1339 428 1396 contingit.
463 1339 580 1396 Ergo
614 1340 657 1381 in
681 1340 841 1382 iurium
880 1338 1083 1382 conflictu
1109 1340 1176 1382 ius
1203 1338 1386 1382 debilius
1419 1354 1510 1382 non

77 1422 214 1452 cessat
243 1425 323 1454 nec
355 1406 637 1468 extinguitur,
673 1411 746 1454 sed
772 1410 914 1469 quoad
939 1411 1194 1453 exercitium
1218 1410 1512 1468 suspenditur.

75 1481 318 1524 Iniurium
369 1481 610 1536 collisione,
646 1496 796 1525 monet
845 1481 1063 1540 Taparelli
1096 1481 1185 1541 (3),
1237 1481 1438 1524 «benche
1485 1481 1515 1524 il

77 1550 208 1595 dritto
239 1555 425 1607 sussista‚
460 1569 574 1611 pure
607 1569 697 1596 non
730 1555 764 1595 si
799 1561 967 1606 esterna,
1003 1569 1127 1596 come
1169 1568 1255 1596 non
1305 1552 1512 1596 esternasi

76 1638 230 1681 presso
261 1625 273 1666 i
305 1622 411 1667 fisici
443 1624 582 1683 quella
615 1624 746 1678 form,
781 1625 858 1668 che
896 1624 1196 1668 neutralizzata
1231 1640 1310 1682 per
1344 1624 1381 1668 la
1415 1640 1513 1668 rea-

174 1898 229 1944 (1)
254 1899 310 1934 De
335 1898 404 1944 leg.
437 1899 460 1933 l.
490 1899 532 1933 V.
562 1909 592 1933 c.
620 1907 650 1943 9.
678 1909 781 1932 num.
814 1897 866 1932 18.
892 1890 934 1932 in¹
954 1897 1037 1932 fine.
1232 1939 1239 1944 ¹

177 1957 231 2003 (2)
255 1957 350 1992 Vide
376 1969 467 2004 quae
492 1958 649 1992 diximus
675 1959 711 1992 in
739 1958 791 1993 th.
818 1958 862 1992 II.
890 1968 971 2003 pag.
1002 1957 1056 2002 36.
1084 1957 1128 1991 de
1165 1957 1296 1991 {urium
1336 1956 1518 1991 divisione

83 2017 120 2050 in
146 2015 349 2050 alienabilia
375 2024 411 2051 et
437 2016 690 2051 inalienabilia.
716 2016 775 2051 Ius
800 2016 993 2051 alienabile
1019 2026 1072 2051 est
1095 2013 1207 2058 illud,
1234 2015 1332 2062 quod
1365 2015 1517 2050 alienari

83 2084 205 2122 potest
230 2094 275 2101 —
299 2074 419 2110 valide
445 2075 552 2110 sit-nul
579 2085 616 2110 et
641 2076 731 2110 licite
757 2095 801 2100 —
827 2074 883 2109 vel
909 2075 1038 2110 saltem
1070 2073 1196 2114 valide,
1234 2074 1399 2122 quamvis
1439 2085 1517 2109 non

82 2135 185 2170 licite.
208 2134 445 2170 Inalienabile
462 2147 549 2170 vero
571 2144 635 2177 est,
654 2135 749 2182 quod
764 2135 913 2170 alienari
931 2146 1006 2170 non
1024 2144 1143 2181 potest
1161 2154 1206 2160 —
1224 2145 1292 2169 nec
1312 2132 1427 2168 valide
1442 2145 1512 2168 nec

83 2195 176 2231 licite
202 2215 243 2221 —
270 2196 327 2230 vel
354 2195 454 2242 quod
488 2193 606 2229 valide
630 2194 776 2242 quidem
815 2203 950 2240 potest,
989 2205 1066 2228 non
1102 2203 1226 2229 tamen
1262 2201 1385 2239 potest
1424 2192 1517 2227 licite

20 2247 23 2249 ’
83 2255 245 2290 alienari.

180 2315 236 2361 (3)
257 2313 388 2361 Saggio
425 2318 538 2349 tcoret.
574 2314 714 2350 dissert.
740 2313 785 2348 11.
812 2325 892 2360 cap.
921 2323 952 2358 3.
983 2323 1087 2346 num.
1125 2321 1203 2358 351.
1243 2333 1277 2337 —
1311 2310 1425 2353 Quod
1462 2310 1522 2345 ius

84 2373 325 2422 suspendatur
340 2372 498 2421 quidem,
522 2385 597 2409 non
623 2383 746 2409 tamen
773 2382 902 2415 cesset,
930 2383 975 2407 ex
998 2383 1044 2407 eo
1069 2373 1180 2407 etiam
1204 2380 1316 2418 patet,
1337 2369 1435 2418 quod
1450 2369 1521 2405 Ca-

85 2435 141 2470 ius
163 2434 220 2481 (ut
243 2434 281 2468 in
313 2432 427 2469 allato
454 2432 625 2469 sistamus
649 2432 838 2479 exemplo)
863 2443 1009 2479 equum,
1035 2432 1136 2466 cuius
1167 2442 1254 2466 usus
1292 2429 1358 2466 fuit
1393 2430 1426 2464 ei
1452 2439 1522 2464 ne-

88 2493 264 2530 eman-ius
277 2493 321 2527 ad
336 2493 451 2528 vitam
478 2491 779 2535 conservandam,
805 2491 875 2526 hac
901 2500 1064 2526 cessante
1088 2489 1317 2528 necessitate,
1336 2495 1522 2524 teneretur

89 2553 193 2590 Titio
219 2553 418 2590 restituere.

6 2698 53 2728 ω]

0 2710 110 2802 ΞΑ·

1424 2618 1447 2655 6
