1737 2802
797 114 1065 169 -380-

315 221 391 246 101.
419 210 620 245 Scholion
647 209 672 245 I.
700 229 744 235 —
773 208 881 244 Aliud
911 217 963 243 est
990 208 1150 250 mentiri,
1180 207 1276 242 aliud
1316 215 1435 242 tacere
1460 216 1528 241 ve-

403 281 495 303 rum.
521 289 566 295 —
594 269 648 303 De
674 269 900 305 restrictione
919 267 1080 310 mentali,
1097 279 1189 314 quae
1217 267 1449 314 distinguitur
1467 266 1530 301 du-

406 328 501 373 plex:
529 340 617 374 pure
645 327 824 369 mentalis,
852 327 922 361 late
949 326 1131 361 mentalis.
1161 347 1199 352 -
1219 326 1413 362 Restrictio
1441 337 1530 372 pure

405 387 574 423 mentalis
602 398 652 423 est
679 388 911 422 mendacium
933 408 978 415 —
1006 395 1040 421 et
1068 386 1219 432 proinde
1245 394 1299 420 est
1325 396 1468 432 semper
1492 383 1531 419 il-

404 449 514 485 licita.
539 469 583 475 —
611 448 804 483 Restrictio
830 448 900 482 late
920 447 1087 483 mentalis
1106 457 1179 481 non
1201 455 1252 480 est
1280 444 1526 480 mendacium:

407 530 445 534 —
479 518 544 550 est,
575 519 649 543 non
678 508 822 554 quidem
851 519 1006 553 semper,
1034 507 1095 541 sed
1125 505 1320 551 aliquando
1348 504 1456 539 licita.
1481 524 1530 530 —

408 568 657 610 Quandonam
685 569 727 603 sit
757 567 882 602 illicita
906 587 953 593 —-
981 566 1124 613 quando
1152 564 1262 600 licita.

313 638 391 663 102.
422 629 623 664 Scholion
648 628 691 664 II.
718 647 761 654 -
795 639 823 662 1.
863 628 1053 669 Quantum
1093 625 1231 659 crimen
1270 625 1327 667 sit,
1365 624 1528 658 imbuere

406 687 561 722 aliorum
589 689 733 722 animos
761 686 859 721 falsis
889 697 922 721 et
950 686 1068 732 pravis
1095 685 1341 731 opinionibus:
1362 703 1408 709 -
1425 684 1527 727 item,

404 747 520 793 pravis
546 747 773 781 suasionibus
800 748 952 782 alterum
983 747 1024 780 ad
1065 744 1289 791 peccandum
1326 742 1527 790 impellere.

404 826 448 833 —
477 816 508 841 2.
535 806 760 842 Recoluntur
787 807 948 841 celebres
975 807 1116 852 aliquae
1143 805 1354 839 iniuriarum
1382 803 1527 838 divisio-

403 878 467 901 nes
495 886 538 892 —
568 878 611 901 ex
638 879 664 902 s.
692 866 838 902 Thoma
867 886 910 892 —
951 878 991 900 ex
1034 866 1216 901 Cicerone
1239 884 1288 891 —
1314 875 1357 898 ex
1395 864 1528 898 Dante:

402 927 525 961 iniusti
553 939 616 973 per
642 928 715 960 vim
742 926 799 961 vel
827 926 1000 961 fraudem:
1038 925 1189 961 violenti
1228 933 1355 960 contra
1392 925 1525 965 Deum,

402 997 527 1022 contra
553 999 602 1029 se,
630 996 755 1022 contra
783 987 1002 1033 proximum:
1031 986 1249 1021 fraudulenti
1282 986 1318 1019 in
1358 995 1420 1020 eos
1459 983 1520 1030 qui

1516 589 1524 598 .
1581 561 1649 606 348

403 1058 476 1081 non
505 1046 634 1087 fidunt,
660 1048 695 1080 in
724 1058 788 1081 eos
815 1047 873 1093 qni
902 1046 1028 1080 fidunt.
1096 1069 1526 1081 ........
1576 1051 1643 1088 351

210 1104 238 1151 ξ.
266 1105 312 1141 II.
341 1106 398 1140 De
424 1106 528 1154 officio
554 1107 775 1141 subveniendi
796 1107 956 1152 proximo
984 1117 1025 1140 ex
1052 1106 1146 1140 bonis
1172 1106 1306 1140 nostris.
1335 1131 1344 1140 .
1397 1131 1406 1140 .
1457 1131 1465 1138 .
1515 1130 1525 1139 .
1578 1111 1647 1147 354

312 1175 389 1210 103.
419 1166 532 1200 Parva
560 1166 639 1201 laus
667 1175 731 1208 est,
751 1166 931 1201 abstinere
949 1167 992 1200 ab
1012 1165 1150 1200 iniuriis
1168 1185 1215 1192 -
1233 1164 1355 1199 officia
1374 1163 1525 1210 implere

403 1226 562 1261 iustitiae
567 1249 1521 1261 .................
1594 1221 1644 1257 ib.

209 1283 389 1328 Thesis
422 1286 636 1330 XXXIV.
672 1310 730 1319 —
765 1287 827 1330 De
862 1285 998 1343 officiis
1031 1285 1303 1328 humanitatis
1335 1292 1372 1327 et
1405 1282 1525 1326 bene-

387 1357 584 1412 ficentiae.
1584 1351 1644 1397 ib.

311 1438 386 1471 104.
415 1429 736 1464 Demonstratio.
763 1448 806 1454 —
837 1439 864 1464 1.
888 1429 986 1463 Haec
1014 1427 1136 1463 officia
1165 1435 1361 1474 exsurgunt
1395 1438 1439 1461 ex
1466 1436 1523 1460 ae-

402 1488 572 1535 qualitate
609 1501 671 1524 seu
713 1488 1050 1523 communicatione
1092 1487 1252 1522 eiusdem
1290 1495 1450 1521 naturae.
1475 1506 1524 1512 —

400 1558 432 1583 2.
459 1547 596 1583 Omnia
625 1548 858 1583 includuntur
875 1548 945 1582 hoc
973 1548 1166 1593 principio:
1185 1547 1295 1594 dilige
1313 1545 1523 1592 proximum

400 1617 502 1642 tuum
530 1609 620 1643 sicut
644 1609 812 1654 teipsum.
830 1628 877 1634 —
896 1609 979 1644 Non
1007 1608 1148 1650 dicitur,
1173 1616 1348 1654 quantum
1365 1607 1522 1652 teipsum

399 1687 447 1693 —
470 1668 545 1711 sed,
572 1669 663 1702 sicut
691 1668 845 1714 teipsum
873 1656 901 1702 i.
923 1680 952 1702 e.
980 1667 1091 1702 simili
1117 1667 1311 1702 dilectione
1332 1687 1376 1693 —
1403 1665 1523 1714 quoad

400 1727 509 1762 finem
527 1749 565 1753 -
585 1728 703 1775 quoad
729 1727 886 1762 formam
903 1747 946 1754 —
962 1727 1080 1774 quoad
1107 1726 1278 1762 effectum
1304 1725 1521 1761 dilectionis.

400 1807 442 1813 —
475 1796 503 1831 3.
529 1787 753 1832 Principium
780 1796 926 1821 mutuae
966 1786 1172 1821 dilectionis
1211 1787 1247 1820 in
1288 1785 1359 1820 duo
1402 1784 1521 1819 resol-

399 1850 495 1883 vitur
522 1856 728 1893 praecepta:
748 1866 792 1873 —
812 1848 1034 1893 negativum,
1061 1845 1156 1892 quod
1182 1846 1245 1880 tibi
1264 1844 1341 1880 fieri
1365 1856 1442 1879 non
1468 1844 1521 1879 vis

399 1908 499 1942 alteri
526 1919 572 1942 ne
596 1906 732 1949 feceris,
756 1915 882 1940 vetans
910 1907 1057 1940 iniurias
1084 1914 1118 1940 et
1139 1904 1259 1940 officia
1284 1915 1418 1951 urgens
1443 1904 1519 1939 ius-

397 1967 498 2002 titiae
523 1987 564 1993 -
597 1965 868 2007 affirmativum,
896 1975 1144 2012 quaecumque
1170 1963 1280 1998 vultis
1305 1972 1343 1997 ut
1384 1962 1519 1997 faciant

399 2029 503 2062 vobis
529 2027 698 2061 homines
719 2035 752 2060 et
770 2037 837 2060 vos
864 2025 970 2060 facite
997 2025 1080 2068 illis,
1101 2023 1220 2059 officia
1238 2024 1434 2068 imponens
1458 2022 1520 2056 hu-

401 2087 585 2122 manitatis
611 2097 652 2120 ac
679 2085 948 2120 beneficentiae.
975 2106 1009 2110 ——
1035 2083 1344 2120 Confirmationes
1361 2082 1518 2118 theseos.

309 2157 386 2191 105.
414 2146 626 2186 Scholion,
650 2165 697 2171 —-
723 2145 896 2186 Quonam
926 2156 1007 2178 cum
1035 2145 1157 2189 rigore
1189 2152 1315 2189 urgeat
1353 2140 1518 2176 officium

400 2214 548 2239 mutuae
579 2204 799 2239 dilectionis:
827 2223 874 2229 -
902 2202 1021 2249 quoad
1060 2211 1198 2248 partem
1237 2201 1446 2248 negativam
1474 2219 1518 2227 —

398 2264 515 2311 quoad
544 2274 682 2310 partem
702 2263 971 2298 affirmativam.
989 2282 1034 2289 ——
1050 2264 1104 2297 De
1124 2262 1250 2296 ordine
1269 2262 1305 2296 in
1332 2260 1518 2296 beneficiis

396 2323 649 2368 impertiendis
676 2321 866 2356 servando.
894 2340 938 2347 -
966 2321 1144 2356 Doctrina
1173 2331 1201 2357 s.
1226 2320 1439 2366 Augustini.

203 2382 383 2427 Thesis
417 2383 608 2425 XXXV.
644 2407 701 2412 ——
737 2381 834 2424 Non
870 2381 1000 2424 solum
1034 2380 1162 2438 officia
1197 2380 1376 2423 iustitiae
1423 2385 1519 2422 sunt

383 2453 506 2495 ctiam
539 2467 631 2509 erga
664 2450 864 2509 improbos
897 2460 931 2493 et
965 2452 1148 2494 inimicos
1196 2448 1419 2508 implenda:
1450 2447 1519 2491 sed

383 2523 510 2580 officia
544 2537 700 2580 quoque
730 2522 1002 2565 humanitatis
1035 2537 1081 2565 ac
1128 2520 1404 2580 beneficentiae
1435 2533 1516 2562 non

381 2602 472 2638 sunt
506 2593 648 2637 iisdem
678 2592 926 2649 deneganda.
982 2624 991 2634 .

1591 2081 1640 2117 ib.

1508 2347 1516 2354 ·
1570 2328 1639 2365 359

1504 2623 1514 2633 .
1551 2590 1634 2646 361
