<?xml version="1.0" encoding="UTF-8"?>
<!DOCTYPE html PUBLIC "-//W3C//DTD XHTML 1.0 Transitional//EN"
    "http://www.w3.org/TR/xhtml1/DTD/xhtml1-transitional.dtd">
<html xmlns="http://www.w3.org/1999/xhtml" xml:lang="en" lang="en">
 <head>
  <title>
</title>
<meta http-equiv="Content-Type" content="text/html;charset=utf-8" />
  <meta name='ocr-system' content='tesseract 3.04.00' />
  <meta name='ocr-capabilities' content='ocr_page ocr_carea ocr_par ocr_line ocrx_word'/>
</head>
<body>
  <div class='ocr_page' id='page_1' title='image "./institutionesphi02ferr_0044.png"; bbox 0 0 1737 2802; ppageno 0'>
   <div class='ocr_carea' id='block_1_1' title="bbox 795 90 1030 146">
    <p class='ocr_par' dir='ltr' id='par_1_1' title="bbox 795 90 1030 146">
     <span class='ocr_line' id='line_1_1' title="bbox 795 90 1030 146; baseline 0.004 -24"><span class='ocrx_word' id='word_1_1' title='bbox 795 90 1030 146; x_wconf 76' lang='lat'>-38-</span> 
     </span>
    </p>
   </div>
   <div class='ocr_carea' id='block_1_2' title="bbox 198 185 1639 1818">
    <p class='ocr_par' dir='ltr' id='par_1_2' title="bbox 198 185 1639 813">
     <span class='ocr_line' id='line_1_2' title="bbox 319 185 1638 244; baseline -0.001 -14"><span class='ocrx_word' id='word_1_2' title='bbox 319 188 495 230; x_wconf 78' lang='lat' dir='ltr'>D1visio</span> <span class='ocrx_word' id='word_1_3' title='bbox 529 187 582 229; x_wconf 90' lang='lat' dir='ltr'>V.</span> <span class='ocrx_word' id='word_1_4' title='bbox 617 186 767 243; x_wconf 88' lang='lat' dir='ltr'>Ipsum</span> <span class='ocrx_word' id='word_1_5' title='bbox 801 185 975 230; x_wconf 86' lang='lat' dir='ltr'>tandem</span> <span class='ocrx_word' id='word_1_6' title='bbox 1011 185 1114 228; x_wconf 89' lang='lat' dir='ltr'>iuris</span> <span class='ocrx_word' id='word_1_7' title='bbox 1157 185 1377 229; x_wconf 83' lang='lat' dir='ltr'>terminum</span> <span class='ocrx_word' id='word_1_8' title='bbox 1419 185 1638 244; x_wconf 80' lang='lat' dir='ltr'>inspicia—</span> 
     </span>
     <span class='ocr_line' id='line_1_3' title="bbox 198 256 1622 314; baseline 0 -15"><span class='ocrx_word' id='word_1_9' title='bbox 198 273 308 300; x_wconf 82' lang='lat' dir='ltr'>mus.</span> <span class='ocrx_word' id='word_1_10' title='bbox 331 257 566 300; x_wconf 86' lang='lat' dir='ltr'><strong>Terminus</strong></span> <span class='ocrx_word' id='word_1_11' title='bbox 591 257 693 300; x_wconf 91' lang='lat' dir='ltr'>iuris</span> <span class='ocrx_word' id='word_1_12' title='bbox 717 269 780 300; x_wconf 92' lang='lat' dir='ltr'>est</span> <span class='ocrx_word' id='word_1_13' title='bbox 813 271 1011 314; x_wconf 87' lang='lat' dir='ltr'>persona,</span> <span class='ocrx_word' id='word_1_14' title='bbox 1034 271 1164 313; x_wconf 85' lang='lat' dir='ltr'>quam</span> <span class='ocrx_word' id='word_1_15' title='bbox 1188 256 1253 299; x_wconf 91' lang='lat' dir='ltr'>ius</span> <span class='ocrx_word' id='word_1_16' title='bbox 1276 256 1463 313; x_wconf 84' lang='lat' dir='ltr'>respicit,</span> <span class='ocrx_word' id='word_1_17' title='bbox 1485 271 1622 314; x_wconf 81' lang='lat' dir='ltr'>quae—</span> 
     </span>
     <span class='ocr_line' id='line_1_4' title="bbox 199 325 1639 384; baseline -0.001 -15"><span class='ocrx_word' id='word_1_18' title='bbox 199 343 281 384; x_wconf 87' lang='lat' dir='ltr'>que</span> <span class='ocrx_word' id='word_1_19' title='bbox 315 327 465 370; x_wconf 83' lang='lat' dir='ltr'>morali</span> <span class='ocrx_word' id='word_1_20' title='bbox 515 340 682 370; x_wconf 88' lang='lat' dir='ltr'>tenetur</span> <span class='ocrx_word' id='word_1_21' title='bbox 714 326 998 383; x_wconf 82' lang='lat' dir='ltr'>obligatione,</span> <span class='ocrx_word' id='word_1_22' title='bbox 1031 341 1084 370; x_wconf 87' lang='lat' dir='ltr'>ne</span> <span class='ocrx_word' id='word_1_23' title='bbox 1117 328 1183 369; x_wconf 90' lang='lat' dir='ltr'>ius</span> <span class='ocrx_word' id='word_1_24' title='bbox 1233 327 1275 369; x_wconf 91' lang='lat' dir='ltr'>in</span> <span class='ocrx_word' id='word_1_25' title='bbox 1308 325 1390 370; x_wconf 90' lang='lat' dir='ltr'>alio</span> <span class='ocrx_word' id='word_1_26' title='bbox 1437 327 1639 370; x_wconf 78' lang='lat' dir='ltr'>existens-</span> 
     </span>
     <span class='ocr_line' id='line_1_5' title="bbox 199 397 1636 455; baseline -0.001 -15"><span class='ocrx_word' id='word_1_27' title='bbox 199 397 342 441; x_wconf 87' lang='lat' dir='ltr'>violet.</span> <span class='ocrx_word' id='word_1_28' title='bbox 376 422 433 431; x_wconf 94' lang='lat'><strong>—</strong></span> <span class='ocrx_word' id='word_1_29' title='bbox 465 399 563 441; x_wconf 87' lang='lat' dir='ltr'>Dixi</span> <span class='ocrx_word' id='word_1_30' title='bbox 597 413 746 441; x_wconf 87' lang='lat' dir='ltr'>rursus</span> <span class='ocrx_word' id='word_1_31' title='bbox 777 406 1011 455; x_wconf 81' lang='lat' dir='ltr'>personam.</span> <span class='ocrx_word' id='word_1_32' title='bbox 1046 397 1217 441; x_wconf 86' lang='lat' dir='ltr'>Etenim</span> <span class='ocrx_word' id='word_1_33' title='bbox 1260 398 1472 441; x_wconf 83' lang='lat' dir='ltr'>terminus</span> <span class='ocrx_word' id='word_1_34' title='bbox 1519 397 1636 442; x_wconf 67' lang='lat' dir='ltr'>iuris:</span> 
     </span>
     <span class='ocr_line' id='line_1_6' title="bbox 200 468 1636 526; baseline 0 -14"><span class='ocrx_word' id='word_1_35' title='bbox 200 482 264 513; x_wconf 83' lang='lat' dir='ltr'>est</span> <span class='ocrx_word' id='word_1_36' title='bbox 296 469 423 512; x_wconf 89' lang='lat' dir='ltr'>simul</span> <span class='ocrx_word' id='word_1_37' title='bbox 457 469 697 512; x_wconf 84' lang='lat' dir='ltr'>subiectum</span> <span class='ocrx_word' id='word_1_38' title='bbox 730 484 852 512; x_wconf 84' lang='lat' dir='ltr'>verae</span> <span class='ocrx_word' id='word_1_39' title='bbox 885 483 931 512; x_wconf 85' lang='lat' dir='ltr'>ac</span> <span class='ocrx_word' id='word_1_40' title='bbox 966 469 1164 526; x_wconf 85' lang='lat' dir='ltr'>propriae</span> <span class='ocrx_word' id='word_1_41' title='bbox 1211 468 1488 526; x_wconf 86' lang='lat' dir='ltr'>obligationis</span> <span class='ocrx_word' id='word_1_42' title='bbox 1532 483 1636 512; x_wconf 83' lang='lat' dir='ltr'>mo·-</span> 
     </span>
     <span class='ocr_line' id='line_1_7' title="bbox 201 538 1634 598; baseline -0.001 -14"><span class='ocrx_word' id='word_1_43' title='bbox 201 542 314 584; x_wconf 80' lang='lat' dir='ltr'>ralis.</span> <span class='ocrx_word' id='word_1_44' title='bbox 347 542 479 598; x_wconf 84' lang='lat' dir='ltr'>Atqui</span> <span class='ocrx_word' id='word_1_45' title='bbox 513 540 752 583; x_wconf 84' lang='lat' dir='ltr'>subiectum</span> <span class='ocrx_word' id='word_1_46' title='bbox 776 555 899 583; x_wconf 83' lang='lat' dir='ltr'>verae</span> <span class='ocrx_word' id='word_1_47' title='bbox 925 552 966 582; x_wconf 92' lang='lat' dir='ltr'>et</span> <span class='ocrx_word' id='word_1_48' title='bbox 1000 540 1198 597; x_wconf 82' lang='lat' dir='ltr'>propriae</span> <span class='ocrx_word' id='word_1_49' title='bbox 1232 538 1506 597; x_wconf 87' lang='lat' dir='ltr'>obligationis</span> <span class='ocrx_word' id='word_1_50' title='bbox 1540 554 1634 583; x_wconf 89' lang='lat' dir='ltr'>mo·-</span> 
     </span>
     <span class='ocr_line' id='line_1_8' title="bbox 200 608 1624 668; baseline -0.001 -13"><span class='ocrx_word' id='word_1_51' title='bbox 200 613 298 655; x_wconf 81' lang='lat' dir='ltr'>raIis</span> <span class='ocrx_word' id='word_1_52' title='bbox 329 627 415 655; x_wconf 88' lang='lat' dir='ltr'>non</span> <span class='ocrx_word' id='word_1_53' title='bbox 465 625 526 654; x_wconf 91' lang='lat' dir='ltr'>est</span> <span class='ocrx_word' id='word_1_54' title='bbox 560 612 641 654; x_wconf 89' lang='lat' dir='ltr'>nisi</span> <span class='ocrx_word' id='word_1_55' title='bbox 690 626 763 655; x_wconf 84' lang='lat' dir='ltr'>ens</span> <span class='ocrx_word' id='word_1_56' title='bbox 807 610 998 654; x_wconf 78' lang='lat' dir='ltr'>libertate</span> <span class='ocrx_word' id='word_1_57' title='bbox 1047 610 1306 668; x_wconf 87' lang='lat' dir='ltr'>praeditum,</span> <span class='ocrx_word' id='word_1_58' title='bbox 1350 625 1398 654; x_wconf 89' lang='lat' dir='ltr'>ac</span> <span class='ocrx_word' id='word_1_59' title='bbox 1443 608 1624 668; x_wconf 87' lang='lat' dir='ltr'>proinde</span> 
     </span>
     <span class='ocr_line' id='line_1_9' title="bbox 201 679 1636 740; baseline -0.001 -15"><span class='ocrx_word' id='word_1_60' title='bbox 201 682 439 740; x_wconf 84' lang='lat' dir='ltr'>intelligens</span> <span class='ocrx_word' id='word_1_61' title='bbox 473 698 547 725; x_wconf 87' lang='lat' dir='ltr'>seu</span> <span class='ocrx_word' id='word_1_62' title='bbox 582 697 777 739; x_wconf 83' lang='lat' dir='ltr'>persona:</span> <span class='ocrx_word' id='word_1_63' title='bbox 827 681 995 725; x_wconf 84' lang='lat' dir='ltr'>libertas</span> <span class='ocrx_word' id='word_1_64' title='bbox 1046 682 1159 725; x_wconf 90' lang='lat' dir='ltr'>enim</span> <span class='ocrx_word' id='word_1_65' title='bbox 1208 682 1416 740; x_wconf 89' lang='lat' dir='ltr'>supponit</span> <span class='ocrx_word' id='word_1_66' title='bbox 1463 679 1636 724; x_wconf 67' lang='lat' dir='ltr'>intelli-</span> 
     </span>
     <span class='ocr_line' id='line_1_10' title="bbox 199 754 993 813; baseline -0.001 -15"><span class='ocrx_word' id='word_1_67' title='bbox 199 756 406 811; x_wconf 82' lang='lat' dir='ltr'>gentiam,</span> <span class='ocrx_word' id='word_1_68' title='bbox 441 771 462 797; x_wconf 85' lang='lat' dir='ltr'>a</span> <span class='ocrx_word' id='word_1_69' title='bbox 495 771 578 813; x_wconf 76' lang='lat' dir='ltr'>qua</span> <span class='ocrx_word' id='word_1_70' title='bbox 611 755 768 798; x_wconf 88' lang='lat' dir='ltr'>scilicet</span> <span class='ocrx_word' id='word_1_71' title='bbox 803 754 993 812; x_wconf 78' lang='lat' dir='ltr'>pullulat.</span> 
     </span>
    </p>

    <p class='ocr_par' dir='ltr' id='par_1_3' title="bbox 198 824 1637 1313">
     <span class='ocr_line' id='line_1_11' title="bbox 319 824 1637 884; baseline -0.001 -15"><span class='ocrx_word' id='word_1_72' title='bbox 319 827 431 869; x_wconf 86' lang='lat' dir='ltr'>Hinc</span> <span class='ocrx_word' id='word_1_73' title='bbox 464 842 610 869; x_wconf 88' lang='lat' dir='ltr'>rursus</span> <span class='ocrx_word' id='word_1_74' title='bbox 645 842 739 869; x_wconf 89' lang='lat' dir='ltr'>cum</span> <span class='ocrx_word' id='word_1_75' title='bbox 779 840 960 884; x_wconf 80' lang='lat' dir='ltr'>persona</span> <span class='ocrx_word' id='word_1_76' title='bbox 995 825 1284 882; x_wconf 84' lang='lat' dir='ltr'>distinguatur</span> <span class='ocrx_word' id='word_1_77' title='bbox 1316 824 1486 883; x_wconf 78' lang='lat' dir='ltr'>dupleX,</span> <span class='ocrx_word' id='word_1_78' title='bbox 1524 826 1637 884; x_wconf 79' lang='lat' dir='ltr'>phy--</span> 
     </span>
     <span class='ocr_line' id='line_1_12' title="bbox 198 896 1633 955; baseline 0 -15"><span class='ocrx_word' id='word_1_79' title='bbox 198 898 279 941; x_wconf 81' lang='lat' dir='ltr'>sica</span> <span class='ocrx_word' id='word_1_80' title='bbox 312 910 352 940; x_wconf 91' lang='lat' dir='ltr'>et</span> <span class='ocrx_word' id='word_1_81' title='bbox 386 899 565 954; x_wconf 80' lang='lat' dir='ltr'>moralis,</span> <span class='ocrx_word' id='word_1_82' title='bbox 599 898 664 941; x_wconf 86' lang='lat' dir='ltr'>ius</span> <span class='ocrx_word' id='word_1_83' title='bbox 698 897 904 954; x_wconf 87' lang='lat' dir='ltr'>distingui</span> <span class='ocrx_word' id='word_1_84' title='bbox 939 909 1079 955; x_wconf 90' lang='lat' dir='ltr'>potest</span> <span class='ocrx_word' id='word_1_85' title='bbox 1113 897 1154 939; x_wconf 88' lang='lat' dir='ltr'>in</span> <span class='ocrx_word' id='word_1_86' title='bbox 1179 896 1303 950; x_wconf 89' lang='lat' dir='ltr'>illud,</span> <span class='ocrx_word' id='word_1_87' title='bbox 1329 898 1449 941; x_wconf 88' lang='lat' dir='ltr'>cuius</span> <span class='ocrx_word' id='word_1_88' title='bbox 1471 897 1633 941; x_wconf 87' lang='lat' dir='ltr'>imme--</span> 
     </span>
     <span class='ocr_line' id='line_1_13' title="bbox 201 967 1636 1028; baseline -0.001 -15"><span class='ocrx_word' id='word_1_89' title='bbox 201 969 338 1013; x_wconf 76' lang='lat' dir='ltr'>diatus</span> <span class='ocrx_word' id='word_1_90' title='bbox 371 971 583 1013; x_wconf 87' lang='lat' dir='ltr'>terminus</span> <span class='ocrx_word' id='word_1_91' title='bbox 617 983 680 1013; x_wconf 89' lang='lat' dir='ltr'>est</span> <span class='ocrx_word' id='word_1_92' title='bbox 714 984 898 1027; x_wconf 85' lang='lat' dir='ltr'>persona</span> <span class='ocrx_word' id='word_1_93' title='bbox 948 968 1141 1028; x_wconf 80' lang='lat' dir='ltr'>physica,</span> <span class='ocrx_word' id='word_1_94' title='bbox 1173 982 1213 1013; x_wconf 90' lang='lat' dir='ltr'>et</span> <span class='ocrx_word' id='word_1_95' title='bbox 1261 970 1304 1012; x_wconf 91' lang='lat' dir='ltr'>in</span> <span class='ocrx_word' id='word_1_96' title='bbox 1351 967 1469 1023; x_wconf 88' lang='lat' dir='ltr'>illud,</span> <span class='ocrx_word' id='word_1_97' title='bbox 1503 969 1636 1012; x_wconf 82' lang='lat' dir='ltr'>cuius:</span> 
     </span>
     <span class='ocr_line' id='line_1_14' title="bbox 200 1040 1633 1098; baseline -0.002 -15"><span class='ocrx_word' id='word_1_98' title='bbox 200 1043 410 1084; x_wconf 90' lang='lat' dir='ltr'>terminus</span> <span class='ocrx_word' id='word_1_99' title='bbox 445 1040 603 1084; x_wconf 83' lang='lat' dir='ltr'>directe</span> <span class='ocrx_word' id='word_1_100' title='bbox 637 1053 700 1085; x_wconf 87' lang='lat' dir='ltr'>est</span> <span class='ocrx_word' id='word_1_101' title='bbox 743 1055 926 1098; x_wconf 86' lang='lat' dir='ltr'>persona</span> <span class='ocrx_word' id='word_1_102' title='bbox 971 1040 1145 1084; x_wconf 83' lang='lat' dir='ltr'>moralis</span> <span class='ocrx_word' id='word_1_103' title='bbox 1195 1057 1269 1084; x_wconf 88' lang='lat' dir='ltr'>seu</span> <span class='ocrx_word' id='word_1_104' title='bbox 1320 1041 1633 1084; x_wconf 61' lang='lat' dir='ltr'>communitas„</span> 
     </span>
     <span class='ocr_line' id='line_1_15' title="bbox 201 1112 1631 1171; baseline -0.001 -14"><span class='ocrx_word' id='word_1_105' title='bbox 201 1113 269 1157; x_wconf 89' lang='lat' dir='ltr'>Sic</span> <span class='ocrx_word' id='word_1_106' title='bbox 312 1125 438 1170; x_wconf 90' lang='lat' dir='ltr'>prout</span> <span class='ocrx_word' id='word_1_107' title='bbox 471 1114 565 1171; x_wconf 90' lang='lat' dir='ltr'>quis</span> <span class='ocrx_word' id='word_1_108' title='bbox 598 1113 783 1171; x_wconf 86' lang='lat' dir='ltr'>proximi</span> <span class='ocrx_word' id='word_1_109' title='bbox 817 1114 926 1156; x_wconf 87' lang='lat' dir='ltr'>vitae</span> <span class='ocrx_word' id='word_1_110' title='bbox 966 1112 1033 1156; x_wconf 89' lang='lat' dir='ltr'>vel</span> <span class='ocrx_word' id='word_1_111' title='bbox 1085 1113 1408 1157; x_wconf 85' lang='lat' dir='ltr'>communitatis</span> <span class='ocrx_word' id='word_1_112' title='bbox 1455 1112 1631 1156; x_wconf 87' lang='lat' dir='ltr'>incolu-</span> 
     </span>
     <span class='ocr_line' id='line_1_16' title="bbox 202 1183 1635 1241; baseline -0.001 -15"><span class='ocrx_word' id='word_1_113' title='bbox 202 1185 338 1226; x_wconf 83' lang='lat' dir='ltr'>mitati</span> <span class='ocrx_word' id='word_1_114' title='bbox 387 1184 620 1237; x_wconf 87' lang='lat' dir='ltr'>consuluit,</span> <span class='ocrx_word' id='word_1_115' title='bbox 671 1185 737 1227; x_wconf 89' lang='lat' dir='ltr'>ius</span> <span class='ocrx_word' id='word_1_116' title='bbox 787 1200 888 1241; x_wconf 80' lang='lat' dir='ltr'>erga</span> <span class='ocrx_word' id='word_1_117' title='bbox 938 1183 1210 1228; x_wconf 86' lang='lat' dir='ltr'>individuum</span> <span class='ocrx_word' id='word_1_118' title='bbox 1259 1184 1325 1228; x_wconf 86' lang='lat' dir='ltr'>vel</span> <span class='ocrx_word' id='word_1_119' title='bbox 1372 1185 1635 1229; x_wconf 58' lang='lat' dir='ltr'>societatemz</span> 
     </span>
     <span class='ocr_line' id='line_1_17' title="bbox 201 1255 1612 1313; baseline 0.001 -15"><span class='ocrx_word' id='word_1_120' title='bbox 201 1255 357 1299; x_wconf 82' lang='lat' dir='ltr'>directe</span> <span class='ocrx_word' id='word_1_121' title='bbox 389 1257 569 1313; x_wconf 83' lang='lat' dir='ltr'>acquirit</span> <span class='ocrx_word' id='word_1_122' title='bbox 603 1255 655 1299; x_wconf 84' lang='lat' dir='ltr'>ad</span> <span class='ocrx_word' id='word_1_123' title='bbox 689 1256 1019 1299; x_wconf 81' lang='lat' dir='ltr'>convenientem</span> <span class='ocrx_word' id='word_1_124' title='bbox 1054 1257 1233 1313; x_wconf 82' lang='lat' dir='ltr'>praemii</span> <span class='ocrx_word' id='word_1_125' title='bbox 1266 1256 1612 1300; x_wconf 79' lang='lat' dir='ltr'>retributionem.</span> 
     </span>
    </p>

    <p class='ocr_par' dir='ltr' id='par_1_4' title="bbox 200 1327 1638 1818">
     <span class='ocr_line' id='line_1_18' title="bbox 318 1327 1634 1373; baseline 0.001 -3"><span class='ocrx_word' id='word_1_126' title='bbox 318 1327 588 1371; x_wconf 78' lang='lat' dir='ltr'>postremam</span> <span class='ocrx_word' id='word_1_127' title='bbox 623 1327 730 1371; x_wconf 85' lang='lat' dir='ltr'>hanc</span> <span class='ocrx_word' id='word_1_128' title='bbox 763 1328 924 1371; x_wconf 88' lang='lat' dir='ltr'>iurium</span> <span class='ocrx_word' id='word_1_129' title='bbox 959 1327 1218 1372; x_wconf 89' lang='lat' dir='ltr'>divisionem</span> <span class='ocrx_word' id='word_1_130' title='bbox 1259 1328 1399 1372; x_wconf 91' lang='lat' dir='ltr'>innuit</span> <span class='ocrx_word' id='word_1_131' title='bbox 1447 1328 1634 1373; x_wconf 89' lang='lat' dir='ltr'>Aristo--</span> 
     </span>
     <span class='ocr_line' id='line_1_19' title="bbox 201 1398 1628 1456; baseline 0.001 -15"><span class='ocrx_word' id='word_1_132' title='bbox 201 1398 303 1442; x_wconf 91' lang='lat' dir='ltr'>teles</span> <span class='ocrx_word' id='word_1_133' title='bbox 328 1399 387 1456; x_wconf 91' lang='lat'>(1)</span> <span class='ocrx_word' id='word_1_134' title='bbox 411 1398 528 1441; x_wconf 89' lang='lat' dir='ltr'>hisce</span> <span class='ocrx_word' id='word_1_135' title='bbox 559 1398 713 1442; x_wconf 75' lang='lat' dir='ltr'>verbis:</span> <span class='ocrx_word' id='word_1_136' title='bbox 746 1399 1085 1456; x_wconf 87' lang='lat' dir='ltr'>Distinguuntur</span> <span class='ocrx_word' id='word_1_137' title='bbox 1108 1412 1251 1443; x_wconf 86' lang='lat' dir='ltr'>autem</span> <span class='ocrx_word' id='word_1_138' title='bbox 1275 1400 1384 1443; x_wconf 90' lang='lat' dir='ltr'>iusta</span> <span class='ocrx_word' id='word_1_139' title='bbox 1406 1412 1448 1443; x_wconf 93' lang='lat' dir='ltr'>et</span> <span class='ocrx_word' id='word_1_140' title='bbox 1471 1400 1628 1442; x_wconf 89' lang='lat' dir='ltr'>iniusta</span> 
     </span>
     <span class='ocr_line' id='line_1_20' title="bbox 200 1471 1638 1530; baseline 0.001 -16"><span class='ocrx_word' id='word_1_141' title='bbox 200 1471 296 1530; x_wconf 89' lang='lat' dir='ltr'>(seu</span> <span class='ocrx_word' id='word_1_142' title='bbox 330 1473 421 1515; x_wconf 87' lang='lat' dir='ltr'>iura</span> <span class='ocrx_word' id='word_1_143' title='bbox 454 1484 494 1515; x_wconf 90' lang='lat' dir='ltr'>et</span> <span class='ocrx_word' id='word_1_144' title='bbox 526 1471 728 1530; x_wconf 87' lang='lat' dir='ltr'>iniuriae)</span> <span class='ocrx_word' id='word_1_145' title='bbox 762 1484 856 1514; x_wconf 89' lang='lat' dir='ltr'>tum</span> <span class='ocrx_word' id='word_1_146' title='bbox 887 1484 1084 1529; x_wconf 87' lang='lat' dir='ltr'>respectu</span> <span class='ocrx_word' id='word_1_147' title='bbox 1119 1471 1169 1515; x_wconf 86' lang='lat' dir='ltr'>ad</span> <span class='ocrx_word' id='word_1_148' title='bbox 1194 1471 1298 1515; x_wconf 87' lang='lat' dir='ltr'>duas</span> <span class='ocrx_word' id='word_1_149' title='bbox 1319 1471 1437 1529; x_wconf 88' lang='lat' dir='ltr'>leges</span> <span class='ocrx_word' id='word_1_150' title='bbox 1469 1471 1540 1528; x_wconf 88' lang='lat' dir='ltr'>(en</span> <span class='ocrx_word' id='word_1_151' title='bbox 1562 1471 1638 1515; x_wconf 85' lang='lat' dir='ltr'>di·-</span> 
     </span>
     <span class='ocr_line' id='line_1_21' title="bbox 200 1542 1626 1601; baseline -0.001 -15"><span class='ocrx_word' id='word_1_152' title='bbox 200 1544 308 1586; x_wconf 79' lang='lat' dir='ltr'>visio</span> <span class='ocrx_word' id='word_1_153' title='bbox 343 1559 363 1586; x_wconf 87' lang='lat' dir='ltr'>a</span> <span class='ocrx_word' id='word_1_154' title='bbox 395 1543 519 1586; x_wconf 89' lang='lat' dir='ltr'>nobis</span> <span class='ocrx_word' id='word_1_155' title='bbox 553 1543 697 1601; x_wconf 89' lang='lat' dir='ltr'>primo</span> <span class='ocrx_word' id='word_1_156' title='bbox 731 1543 828 1586; x_wconf 91' lang='lat' dir='ltr'>loco</span> <span class='ocrx_word' id='word_1_157' title='bbox 864 1543 1020 1600; x_wconf 85' lang='lat' dir='ltr'>posita,</span> <span class='ocrx_word' id='word_1_158' title='bbox 1044 1543 1147 1586; x_wconf 88' lang='lat' dir='ltr'>iuris</span> <span class='ocrx_word' id='word_1_159' title='bbox 1180 1559 1338 1601; x_wconf 88' lang='lat' dir='ltr'>nempe</span> <span class='ocrx_word' id='word_1_160' title='bbox 1359 1542 1560 1588; x_wconf 87' lang='lat' dir='ltr'>naturalis</span> <span class='ocrx_word' id='word_1_161' title='bbox 1584 1554 1626 1586; x_wconf 91' lang='lat' dir='ltr'>et</span> 
     </span>
     <span class='ocr_line' id='line_1_22' title="bbox 200 1613 1635 1673; baseline 0.001 -17"><span class='ocrx_word' id='word_1_162' title='bbox 200 1615 390 1673; x_wconf 83' lang='lat' dir='ltr'>positivi,</span> <span class='ocrx_word' id='word_1_163' title='bbox 413 1627 540 1670; x_wconf 89' lang='lat' dir='ltr'>prout</span> <span class='ocrx_word' id='word_1_164' title='bbox 565 1615 630 1657; x_wconf 89' lang='lat' dir='ltr'>ius</span> <span class='ocrx_word' id='word_1_165' title='bbox 656 1613 772 1658; x_wconf 89' lang='lat' dir='ltr'>ducit</span> <span class='ocrx_word' id='word_1_166' title='bbox 810 1614 1069 1672; x_wconf 86' lang='lat' dir='ltr'>principium</span> <span class='ocrx_word' id='word_1_167' title='bbox 1094 1630 1116 1657; x_wconf 86' lang='lat' dir='ltr'>a</span> <span class='ocrx_word' id='word_1_168' title='bbox 1139 1613 1319 1658; x_wconf 83' lang='lat' dir='ltr'>naturali</span> <span class='ocrx_word' id='word_1_169' title='bbox 1341 1613 1436 1672; x_wconf 89' lang='lat' dir='ltr'>lege</span> <span class='ocrx_word' id='word_1_170' title='bbox 1458 1613 1525 1657; x_wconf 90' lang='lat' dir='ltr'>vel</span> <span class='ocrx_word' id='word_1_171' title='bbox 1549 1629 1635 1672; x_wconf 50' lang='lat' dir='ltr'>po*</span> 
     </span>
     <span class='ocr_line' id='line_1_23' title="bbox 200 1684 1635 1744; baseline -0.001 -15"><span class='ocrx_word' id='word_1_172' title='bbox 200 1686 358 1744; x_wconf 70' lang='lat' dir='ltr'>sitim),</span> <span class='ocrx_word' id='word_1_173' title='bbox 390 1699 483 1729; x_wconf 90' lang='lat' dir='ltr'>tum</span> <span class='ocrx_word' id='word_1_174' title='bbox 516 1687 675 1730; x_wconf 76' lang='lat' dir='ltr'>ratione</span> <span class='ocrx_word' id='word_1_175' title='bbox 706 1701 845 1729; x_wconf 83' lang='lat' dir='ltr'>eorum</span> <span class='ocrx_word' id='word_1_176' title='bbox 879 1686 935 1728; x_wconf 81' lang='lat' dir='ltr'>aci</span> <span class='ocrx_word' id='word_1_177' title='bbox 965 1701 1064 1744; x_wconf 75' lang='lat' dir='ltr'>quos</span> <span class='ocrx_word' id='word_1_178' title='bbox 1096 1691 1349 1743; x_wconf 77' lang='lat' dir='ltr'>reseruntur,</span> <span class='ocrx_word' id='word_1_179' title='bbox 1386 1684 1635 1743; x_wconf 33' lang='lat' dir='ltr'>dupliciter*</span> 
     </span>
     <span class='ocr_line' id='line_1_24' title="bbox 204 1752 1637 1818; baseline -0.001 -17"><span class='ocrx_word' id='word_1_180' title='bbox 204 1758 397 1818; x_wconf 75' lang='grc' dir='ltr'><em>Ὥρισται</em></span> <span class='ocrx_word' id='word_1_181' title='bbox 431 1756 484 1808; x_wconf 80' lang='grc' dir='ltr'>δὴ</span> <span class='ocrx_word' id='word_1_182' title='bbox 518 1757 573 1801; x_wconf 71' lang='grc' dir='ltr'>τὰ</span> <span class='ocrx_word' id='word_1_183' title='bbox 606 1755 761 1801; x_wconf 75' lang='grc' dir='ltr'><em>δίκαια</em></span> <span class='ocrx_word' id='word_1_184' title='bbox 796 1754 873 1801; x_wconf 78' lang='grc' dir='ltr'>καὶ</span> <span class='ocrx_word' id='word_1_185' title='bbox 902 1756 958 1801; x_wconf 71' lang='grc' dir='ltr'>τὰ</span> <span class='ocrx_word' id='word_1_186' title='bbox 992 1754 1128 1802; x_wconf 72' lang='grc' dir='ltr'><em>ἄδικα</em></span> <span class='ocrx_word' id='word_1_187' title='bbox 1154 1754 1258 1817; x_wconf 71' lang='grc' dir='ltr'>πρός</span> <span class='ocrx_word' id='word_1_188' title='bbox 1281 1772 1323 1800; x_wconf 81' lang='grc' dir='ltr'>τε</span> <span class='ocrx_word' id='word_1_189' title='bbox 1346 1752 1511 1816; x_wconf 69' lang='grc' dir='ltr'>νόμους</span> <span class='ocrx_word' id='word_1_190' title='bbox 1534 1753 1637 1811; x_wconf 45' lang='grc' dir='ltr'>δύο,</span> 
     </span>
    </p>
   </div>
   <div class='ocr_carea' id='block_1_3' title="bbox 201 1826 850 1890">
    <p class='ocr_par' dir='ltr' id='par_1_5' title="bbox 201 1826 850 1890">
     <span class='ocr_line' id='line_1_25' title="bbox 201 1826 850 1890; baseline -0.003 -17"><span class='ocrx_word' id='word_1_191' title='bbox 201 1829 277 1873; x_wconf 73' lang='grc' dir='ltr'>καὶ</span> <span class='ocrx_word' id='word_1_192' title='bbox 312 1828 415 1890; x_wconf 70' lang='grc' dir='ltr'>πρὸς</span> <span class='ocrx_word' id='word_1_193' title='bbox 451 1829 524 1882; x_wconf 67' lang='grc' dir='ltr'>σῦς</span> <span class='ocrx_word' id='word_1_194' title='bbox 564 1830 662 1883; x_wconf 76' lang='grc' dir='ltr'><em>ἔστι,</em></span> <span class='ocrx_word' id='word_1_195' title='bbox 697 1826 850 1889; x_wconf 74' lang='grc' dir='ltr'><em>διχῶς.</em></span> 
     </span>
    </p>
   </div>
   <div class='ocr_carea' id='block_1_4' title="bbox 202 1951 448 1956">
    <p class='ocr_par' dir='ltr' id='par_1_6' title="bbox 202 1951 448 1956">
     <span class='ocr_line' id='line_1_26' title="bbox 202 1951 448 1956; baseline 0 0"><span class='ocrx_word' id='word_1_196' title='bbox 202 1951 448 1956; x_wconf 95' lang='lat' dir='ltr'> </span> 
     </span>
    </p>
   </div>
   <div class='ocr_carea' id='block_1_5' title="bbox 195 2013 1639 2597">
    <p class='ocr_par' dir='ltr' id='par_1_7' title="bbox 195 2013 1639 2360">
     <span class='ocr_line' id='line_1_27' title="bbox 200 2013 1638 2061; baseline -0.001 -11"><span class='ocrx_word' id='word_1_197' title='bbox 200 2016 284 2050; x_wconf 82' lang='lat' dir='ltr'>iuris</span> <span class='ocrx_word' id='word_1_198' title='bbox 310 2016 517 2051; x_wconf 82' lang='lat' dir='ltr'>exercitium</span> <span class='ocrx_word' id='word_1_199' title='bbox 545 2025 626 2051; x_wconf 88' lang='lat' dir='ltr'>sunt</span> <span class='ocrx_word' id='word_1_200' title='bbox 651 2027 736 2050; x_wconf 83' lang='lat' dir='ltr'>sane</span> <span class='ocrx_word' id='word_1_201' title='bbox 763 2016 856 2050; x_wconf 86' lang='lat' dir='ltr'>inter</span> <span class='ocrx_word' id='word_1_202' title='bbox 885 2026 922 2050; x_wconf 91' lang='lat' dir='ltr'>se</span> <span class='ocrx_word' id='word_1_203' title='bbox 949 2013 1234 2061; x_wconf 87' lang='lat' dir='ltr'>distinguenda):</span> <span class='ocrx_word' id='word_1_204' title='bbox 1266 2013 1290 2048; x_wconf 89' lang='lat' dir='ltr'>il</span> <span class='ocrx_word' id='word_1_205' title='bbox 1316 2025 1423 2060; x_wconf 90' lang='lat' dir='ltr'>pazzo</span> <span class='ocrx_word' id='word_1_206' title='bbox 1454 2022 1638 2060; x_wconf 87' lang='lat' dir='ltr'>operante·</span> 
     </span>
     <span class='ocr_line' id='line_1_28' title="bbox 200 2073 1633 2122; baseline -0.001 -12"><span class='ocrx_word' id='word_1_207' title='bbox 200 2076 243 2110; x_wconf 90' lang='lat' dir='ltr'>da</span> <span class='ocrx_word' id='word_1_208' title='bbox 268 2088 374 2122; x_wconf 88' lang='lat' dir='ltr'>pazzo</span> <span class='ocrx_word' id='word_1_209' title='bbox 402 2087 474 2110; x_wconf 89' lang='lat' dir='ltr'>non</span> <span class='ocrx_word' id='word_1_210' title='bbox 502 2078 640 2110; x_wconf 55' lang='lat' dir='ltr'>efferata</span> <span class='ocrx_word' id='word_1_211' title='bbox 665 2076 778 2110; x_wconf 78' lang='lat' dir='ltr'>dritto</span> <span class='ocrx_word' id='word_1_212' title='bbox 804 2075 951 2112; x_wconf 83' lang='lat' dir='ltr'>alcuno.</span> <span class='ocrx_word' id='word_1_213' title='bbox 989 2075 1108 2109; x_wconf 64' lang='lat' dir='ltr'>bench&amp;</span> <span class='ocrx_word' id='word_1_214' title='bbox 1129 2080 1233 2120; x_wconf 81' lang='lat' dir='ltr'>possa</span> <span class='ocrx_word' id='word_1_215' title='bbox 1269 2073 1452 2108; x_wconf 77' lang='lat' dir='ltr'>realmente</span> <span class='ocrx_word' id='word_1_216' title='bbox 1492 2074 1633 2116; x_wconf 83' lang='lat' dir='ltr'>averlo,.</span> 
     </span>
     <span class='ocr_line' id='line_1_29' title="bbox 199 2133 1626 2181; baseline -0.001 -12"><span class='ocrx_word' id='word_1_217' title='bbox 199 2146 304 2170; x_wconf 81' lang='lat' dir='ltr'>come</span> <span class='ocrx_word' id='word_1_218' title='bbox 330 2135 374 2169; x_wconf 84' lang='lat' dir='ltr'>ha</span> <span class='ocrx_word' id='word_1_219' title='bbox 402 2134 598 2169; x_wconf 80' lang='lat' dir='ltr'>realmente</span> <span class='ocrx_word' id='word_1_220' title='bbox 626 2134 650 2168; x_wconf 87' lang='lat' dir='ltr'>il</span> <span class='ocrx_word' id='word_1_221' title='bbox 678 2135 856 2181; x_wconf 87' lang='lat' dir='ltr'>principio</span> <span class='ocrx_word' id='word_1_222' title='bbox 885 2133 978 2169; x_wconf 86' lang='lat' dir='ltr'>della</span> <span class='ocrx_word' id='word_1_223' title='bbox 1006 2134 1156 2179; x_wconf 86' lang='lat' dir='ltr'>ragione</span> <span class='ocrx_word' id='word_1_224' title='bbox 1184 2144 1289 2168; x_wconf 84' lang='lat' dir='ltr'>senza</span> <span class='ocrx_word' id='word_1_225' title='bbox 1323 2144 1453 2168; x_wconf 77' lang='lat' dir='ltr'>averne</span> <span class='ocrx_word' id='word_1_226' title='bbox 1490 2133 1515 2168; x_wconf 88' lang='lat' dir='ltr'>l’</span> <span class='ocrx_word' id='word_1_227' title='bbox 1529 2144 1626 2168; x_wconf 89' lang='lat' dir='ltr'>eser-</span> 
     </span>
     <span class='ocr_line' id='line_1_30' title="bbox 195 2192 1634 2241; baseline -0.001 -13"><span class='ocrx_word' id='word_1_228' title='bbox 195 2195 295 2229; x_wconf 84' lang='lat' dir='ltr'>cizio.</span> <span class='ocrx_word' id='word_1_229' title='bbox 324 2194 353 2228; x_wconf 92' lang='lat' dir='ltr'>Il</span> <span class='ocrx_word' id='word_1_230' title='bbox 379 2194 485 2228; x_wconf 86' lang='lat' dir='ltr'>dritto</span> <span class='ocrx_word' id='word_1_231' title='bbox 513 2197 531 2229; x_wconf 76' lang='lat' dir='ltr'>e</span> <span class='ocrx_word' id='word_1_232' title='bbox 559 2194 701 2241; x_wconf 81' lang='lat' dir='ltr'>dunque</span> <span class='ocrx_word' id='word_1_233' title='bbox 728 2194 893 2229; x_wconf 88' lang='lat' dir='ltr'>secondo</span> <span class='ocrx_word' id='word_1_234' title='bbox 929 2197 964 2229; x_wconf 90' lang='lat' dir='ltr'>le</span> <span class='ocrx_word' id='word_1_235' title='bbox 990 2203 1113 2229; x_wconf 84' lang='lat' dir='ltr'>nostre</span> <span class='ocrx_word' id='word_1_236' title='bbox 1143 2193 1224 2228; x_wconf 79' lang='lat' dir='ltr'>idee</span> <span class='ocrx_word' id='word_1_237' title='bbox 1251 2192 1531 2239; x_wconf 85' lang='lat' dir='ltr'>proporzionale</span> <span class='ocrx_word' id='word_1_238' title='bbox 1556 2192 1634 2228; x_wconf 85' lang='lat' dir='ltr'>alla·</span> 
     </span>
     <span class='ocr_line' id='line_1_31' title="bbox 196 2251 1639 2300; baseline 0.001 -13"><span class='ocrx_word' id='word_1_239' title='bbox 196 2254 356 2298; x_wconf 83' lang='lat' dir='ltr'>ragione:</span> <span class='ocrx_word' id='word_1_240' title='bbox 373 2253 428 2287; x_wconf 77' lang='lat' dir='ltr'>chi</span> <span class='ocrx_word' id='word_1_241' title='bbox 447 2253 491 2287; x_wconf 88' lang='lat' dir='ltr'>ha</span> <span class='ocrx_word' id='word_1_242' title='bbox 510 2253 542 2287; x_wconf 82' lang='lat' dir='ltr'>la</span> <span class='ocrx_word' id='word_1_243' title='bbox 570 2254 717 2300; x_wconf 68' lang='lat' dir='ltr'>ragime</span> <span class='ocrx_word' id='word_1_244' title='bbox 746 2256 818 2300; x_wconf 82' lang='lat' dir='ltr'>puo</span> <span class='ocrx_word' id='word_1_245' title='bbox 839 2265 924 2288; x_wconf 80' lang='lat' dir='ltr'>aver</span> <span class='ocrx_word' id='word_1_246' title='bbox 948 2254 1072 2296; x_wconf 83' lang='lat' dir='ltr'>dritto,</span> <span class='ocrx_word' id='word_1_247' title='bbox 1093 2253 1149 2287; x_wconf 90' lang='lat' dir='ltr'>chi</span> <span class='ocrx_word' id='word_1_248' title='bbox 1169 2252 1214 2287; x_wconf 87' lang='lat' dir='ltr'>ha</span> <span class='ocrx_word' id='word_1_249' title='bbox 1234 2252 1326 2287; x_wconf 91' lang='lat' dir='ltr'>l&#39;uso</span> <span class='ocrx_word' id='word_1_250' title='bbox 1355 2252 1449 2288; x_wconf 89' lang='lat' dir='ltr'>della</span> <span class='ocrx_word' id='word_1_251' title='bbox 1467 2251 1639 2300; x_wconf 60' lang='lat' dir='ltr'>ragione„</span> 
     </span>
     <span class='ocr_line' id='line_1_32' title="bbox 198 2311 1635 2360; baseline 0.001 -13"><span class='ocrx_word' id='word_1_252' title='bbox 198 2315 270 2360; x_wconf 82' lang='lat' dir='ltr'>puo</span> <span class='ocrx_word' id='word_1_253' title='bbox 288 2325 369 2348; x_wconf 87' lang='lat' dir='ltr'>aver</span> <span class='ocrx_word' id='word_1_254' title='bbox 395 2312 487 2348; x_wconf 82' lang='lat' dir='ltr'>l&#39;uso</span> <span class='ocrx_word' id='word_1_255' title='bbox 512 2312 569 2347; x_wconf 88' lang='lat' dir='ltr'>del</span> <span class='ocrx_word' id='word_1_256' title='bbox 596 2314 748 2348; x_wconf 81' lang='lat' dir='ltr'>dritto.»</span> <span class='ocrx_word' id='word_1_257' title='bbox 779 2312 836 2348; x_wconf 84' lang='lat' dir='ltr'>Cf.</span> <span class='ocrx_word' id='word_1_258' title='bbox 863 2313 1087 2359; x_wconf 82' lang='lat' dir='ltr'>Tongiorgi,</span> <span class='ocrx_word' id='word_1_259' title='bbox 1114 2311 1193 2347; x_wconf 89' lang='lat' dir='ltr'>Eth.</span> <span class='ocrx_word' id='word_1_260' title='bbox 1220 2312 1386 2358; x_wconf 84' lang='lat' dir='ltr'>particul.</span> <span class='ocrx_word' id='word_1_261' title='bbox 1412 2323 1513 2348; x_wconf 90' lang='lat' dir='ltr'>num.</span> <span class='ocrx_word' id='word_1_262' title='bbox 1544 2311 1635 2358; x_wconf 87' lang='lat'>336..</span> 
     </span>
    </p>

    <p class='ocr_par' dir='ltr' id='par_1_8' title="bbox 200 2370 1634 2597">
     <span class='ocr_line' id='line_1_33' title="bbox 293 2370 1634 2418; baseline -0.002 -12"><span class='ocrx_word' id='word_1_263' title='bbox 293 2372 346 2417; x_wconf 83' lang='lat'>(1)</span> <span class='ocrx_word' id='word_1_264' title='bbox 371 2372 519 2408; x_wconf 86' lang='lat' dir='ltr'>Rhetor.</span> <span class='ocrx_word' id='word_1_265' title='bbox 550 2373 571 2406; x_wconf 89' lang='lat'>1.</span> <span class='ocrx_word' id='word_1_266' title='bbox 607 2382 656 2415; x_wconf 84' lang='lat'>¹3-</span> <span class='ocrx_word' id='word_1_267' title='bbox 690 2373 802 2407; x_wconf 58' lang='lat' dir='ltr'>Cuius</span> <span class='ocrx_word' id='word_1_268' title='bbox 828 2373 879 2407; x_wconf 86' lang='lat' dir='ltr'>rei</span> <span class='ocrx_word' id='word_1_269' title='bbox 909 2371 1018 2418; x_wconf 87' lang='lat' dir='ltr'>paulo</span> <span class='ocrx_word' id='word_1_270' title='bbox 1048 2380 1129 2418; x_wconf 89' lang='lat' dir='ltr'>post</span> <span class='ocrx_word' id='word_1_271' title='bbox 1155 2371 1258 2407; x_wconf 85' lang='lat' dir='ltr'>affert</span> <span class='ocrx_word' id='word_1_272' title='bbox 1292 2372 1364 2407; x_wconf 86' lang='lat' dir='ltr'>hoc</span> <span class='ocrx_word' id='word_1_273' title='bbox 1404 2370 1634 2418; x_wconf 65' lang='lat' dir='ltr'>exemplum:</span> 
     </span>
     <span class='ocr_line' id='line_1_34' title="bbox 203 2430 1626 2479; baseline 0.001 -16"><span class='ocrx_word' id='word_1_274' title='bbox 203 2431 336 2477; x_wconf 53' lang='lat'>&#39;07219</span> <span class='ocrx_word' id='word_1_275' title='bbox 366 2435 543 2479; x_wconf 66' lang='grc' dir='ltr'>μοιχεύων</span> <span class='ocrx_word' id='word_1_276' title='bbox 584 2434 643 2464; x_wconf 62' lang='lat' dir='ltr'>zui.</span> <span class='ocrx_word' id='word_1_277' title='bbox 680 2434 814 2465; x_wconf 68' lang='grc' dir='ltr'>τύπτων</span> <span class='ocrx_word' id='word_1_278' title='bbox 854 2430 973 2465; x_wconf 53' lang='lat' dir='ltr'>&amp;rh-aaz</span> <span class='ocrx_word' id='word_1_279' title='bbox 1008 2444 1086 2466; x_wconf 65' lang='lat' dir='ltr'>*ti-m.</span> <span class='ocrx_word' id='word_1_280' title='bbox 1111 2436 1178 2465; x_wconf 72' lang='grc' dir='ltr'>τῶν</span> <span class='ocrx_word' id='word_1_281' title='bbox 1217 2432 1431 2476; x_wconf 71' lang='grc' dir='ltr'><em>ὡρισμένων,</em></span> <span class='ocrx_word' id='word_1_282' title='bbox 1463 2431 1479 2464; x_wconf 85' lang='grc' dir='ltr'><strong>ὁ</strong></span> <span class='ocrx_word' id='word_1_283' title='bbox 1515 2431 1626 2476; x_wconf 66' lang='grc' dir='ltr'><em>δ’ἐμὴ</em></span> 
     </span>
     <span class='ocr_line' id='line_1_35' title="bbox 204 2487 1634 2535; baseline 0 -12"><span class='ocrx_word' id='word_1_284' title='bbox 204 2487 474 2535; x_wconf 73' lang='grc' dir='ltr'>στρατευόμενος</span> <span class='ocrx_word' id='word_1_285' title='bbox 500 2488 537 2523; x_wconf 64' lang='grc' dir='ltr'>τό</span> <span class='ocrx_word' id='word_1_286' title='bbox 565 2491 696 2524; x_wconf 61' lang='lat' dir='ltr'>zon-20¹2.</span> <span class='ocrx_word' id='word_1_287' title='bbox 717 2491 791 2534; x_wconf 87' lang='lat' dir='ltr'>Qui</span> <span class='ocrx_word' id='word_1_288' title='bbox 812 2492 910 2525; x_wconf 85' lang='lat' dir='ltr'>enim</span> <span class='ocrx_word' id='word_1_289' title='bbox 931 2490 1146 2526; x_wconf 81' lang='lat' dir='ltr'>adulterium</span> <span class='ocrx_word' id='word_1_290' title='bbox 1164 2489 1249 2526; x_wconf 88' lang='lat' dir='ltr'>facit</span> <span class='ocrx_word' id='word_1_291' title='bbox 1267 2500 1301 2526; x_wconf 92' lang='lat' dir='ltr'>et</span> <span class='ocrx_word' id='word_1_292' title='bbox 1319 2490 1496 2529; x_wconf 76' lang='lat' dir='ltr'>verberat,</span> <span class='ocrx_word' id='word_1_293' title='bbox 1513 2499 1634 2524; x_wconf 81' lang='lat' dir='ltr'>unum·</span> 
     </span>
     <span class='ocr_line' id='line_1_36' title="bbox 200 2549 1634 2597; baseline 0 -13"><span class='ocrx_word' id='word_1_294' title='bbox 200 2549 357 2596; x_wconf 80' lang='lat' dir='ltr'>aliquem</span> <span class='ocrx_word' id='word_1_295' title='bbox 383 2559 521 2585; x_wconf 82' lang='lat' dir='ltr'>certum</span> <span class='ocrx_word' id='word_1_296' title='bbox 548 2549 667 2593; x_wconf 84' lang='lat' dir='ltr'>laedit,</span> <span class='ocrx_word' id='word_1_297' title='bbox 688 2552 746 2597; x_wconf 83' lang='lat' dir='ltr'>qui</span> <span class='ocrx_word' id='word_1_298' title='bbox 766 2562 856 2585; x_wconf 86' lang='lat' dir='ltr'>vero</span> <span class='ocrx_word' id='word_1_299' title='bbox 885 2550 1055 2585; x_wconf 74' lang='lat' dir='ltr'>militiam</span> <span class='ocrx_word' id='word_1_300' title='bbox 1076 2550 1260 2594; x_wconf 84' lang='lat' dir='ltr'>detrectat,</span> <span class='ocrx_word' id='word_1_301' title='bbox 1275 2551 1394 2596; x_wconf 91' lang='lat' dir='ltr'>ipsum</span> <span class='ocrx_word' id='word_1_302' title='bbox 1415 2558 1634 2584; x_wconf 86' lang='lat' dir='ltr'>commune..</span> 
     </span>
    </p>
   </div>
  </div>
 </body>
</html>
