1737 2802
257 228 335 271 bns
371 227 513 269 modis
548 227 644 284 quis
678 226 767 269 vult
800 225 964 268 bonum
1000 225 1187 268 alterius:
1224 239 1310 268 uno
1347 223 1480 268 modo
1517 239 1690 283 genera-

260 300 367 353 liter,
404 300 662 355 inquantum
697 310 760 340 est
797 310 988 340 creatura
1023 297 1105 339 Dei
1150 308 1191 338 et
1235 295 1534 353 participabilis
1583 296 1694 342 vitae

260 383 469 412 aeternae:
504 368 588 411 alio
624 368 758 411 modo
792 367 1029 426 specialiter,
1064 368 1320 424 inquantum
1345 379 1408 410 est
1441 368 1603 410 amicus
1627 369 1694 412 vel

260 442 420 484 socius.
470 443 506 483 A
555 440 741 497 generali
791 452 935 483 autem
986 439 1213 482 dilectione
1262 438 1405 482 nullus
1440 438 1693 484 excluditur:

261 512 384 555 debet
419 513 533 555 enim
572 512 750 569 quilibet
785 526 862 569 pro
896 510 1087 569 quolibet
1113 526 1248 564 orare,
1271 523 1311 554 et
1345 509 1517 554 cuilibet
1549 511 1591 554 in
1617 526 1695 554 ne-

261 586 458 627 cessitate
494 584 644 627 ultima
677 583 915 626 subvenire.
951 582 1034 627 Sed
1069 597 1156 625 non
1189 584 1346 626 teneris
1380 597 1479 625 cum
1504 580 1695 640 quolibet

263 656 415 699 habere
450 656 796 708 familiaritatem,
820 655 900 697 nisi
928 666 1089 711 peteret
1112 653 1295 697 veniam:
1321 653 1420 711 quia
1453 665 1556 696 tunc
1582 665 1695 696 esset

260 729 439 781 amicus,
474 740 515 771 et
549 728 583 770 si
618 726 839 782 refutares,
873 725 1048 768 haberes
1073 725 1175 768 odio
1200 725 1441 767 amicum.»
1480 751 1538 756 ——
1570 730 1612 783 y)
1641 724 1693 769 Il-

260 800 345 854 lud,
380 799 497 857 quod
534 799 710 843 naturali
745 798 838 855 lege
874 813 1052 855 prorsus
1096 796 1362 854 prohibetur,
1395 808 1458 840 est
1506 796 1695 841 delectari

262 876 304 918 in
339 875 445 918 malo
479 874 662 917 alterius.
697 873 811 915 Hinc
847 886 1070 929 perperam
1095 871 1184 927 agit
1218 869 1304 925 ille,
1329 871 1399 928 qui
1425 869 1575 914 affectu
1604 870 1692 914 odii

261 946 422 989 malum
461 960 539 1002 pro
574 944 688 987 malo
723 943 878 999 reddit,
913 941 1104 984 sistendo
1138 942 1180 984 in
1215 941 1328 984 malo
1364 941 1542 999 physico
1582 940 1692 984 alte-

260 1019 364 1061 rius.
399 1017 482 1061 Sed
518 1028 659 1074 potest
692 1016 804 1073 qui5‚
838 1031 873 1057 e.
909 1030 949 1071 g.
995 1014 1193 1070 superior
1240 1012 1306 1056 vel
1354 1014 1495 1069 iudex,
1528 1011 1691 1055 malum

260 1105 339 1147 pro
373 1089 487 1131 malo
522 1087 701 1131 reddere
734 1087 871 1143 alicui,
907 1103 942 1129 e.
977 1101 1016 1142 g.
1063 1101 1248 1142 poenam
1297 1086 1475 1128 carceris
1522 1085 1691 1139 latroni,

259 1161 311 1206 ad
345 1162 481 1218 ipsius
518 1158 868 1202 emendationem
895 1158 959 1200 vel
985 1169 1228 1200 ceterorum
1252 1156 1602 1214 tranquillitatem
1626 1157 1692 1200 vel

261 1233 453 1277 criminis
489 1230 798 1288 expiationem:
830 1245 908 1272 nec
941 1241 1042 1272 tunc
1090 1227 1280 1282 violabit,
1313 1227 1388 1271 sed
1423 1243 1444 1271 e
1478 1229 1691 1271 contrario

257 1302 453 1361 implebit
486 1300 721 1344 naturalem
757 1300 913 1357 legem,
948 1315 1054 1357 quae
1089 1299 1248 1343 scilicet
1290 1299 1382 1342 vult
1416 1300 1601 1342 iustitiae
1644 1315 1691 1342 ac

258 1375 372 1433 pacis
407 1372 786 1416 conservationem
822 1371 899 1430 (Ι).

382 1460 480 1501 107.
518 1445 758 1488 SCHoLION
794 1444 825 1486 I.
862 1444 905 1487 Si
940 1442 1143 1486 beneficia
1166 1458 1252 1485 non
1287 1454 1387 1485 sunt
1410 1442 1586 1486 inimicis
1620 1441 1690 1485 de·

257 1517 468 1575 neganda,
503 1531 590 1569 Quo
625 1516 768 1558 animo
803 1529 945 1572 quove
996 1514 1142 1557 studio
1190 1527 1315 1557 erunt
1347 1514 1487 1557 amicis
1535 1528 1691 1571 repen-

257 1589 418 1633 denda!
461 1586 700 1644 «Nullum,
742 1587 881 1644 inquit
926 1586 1080 1630 Cicero
1116 1585 1193 1642 (2),
1226 1583 1418 1628 officium
1468 1583 1690 1628 referenda

257 1661 389 1719 gratia
422 1661 560 1717 magis
594 1659 883 1703 necessarium
919 1670 997 1701 est.
1044 1656 1181 1710 Quod
1215 1657 1250 1700 si
1284 1673 1343 1710 ea,
1377 1672 1484 1714 quae
1531 1655 1690 1700 utenda

256 1733 488 1790 acceperis,
525 1732 689 1775 maiore
723 1744 939 1785 mensura,
972 1729 1005 1770 si
1041 1728 1176 1771 modo
1225 1729 1386 1786 possi3‚
1421 1726 1538 1771 iubet
1585 1725 1689 1770 red-

257 1806 356 1849 dere
390 1803 626 1860 Hesiodus3
659 1801 862 1860 quidnam
898 1800 1108 1844 beneficio
1154 1801 1375 1858 provocati
1424 1799 1560 1842 facere
1609 1797 1687 1841 de-

256 1876 437 1921 bemus?
471 1877 538 1918 An
568 1875 725 1917 imitari
749 1889 876 1930 agros
910 1871 1086 1925 fertiles,
1112 1873 1186 1930 qui
1209 1871 1349 1916 multo
1373 1869 1470 1929 plus
1495 1869 1689 1927 afferunt,

256 1964 387 2006 guam
421 1947 712 2004 acceperunt?
736 1963 754 1985 >³

379 2016 506 2071 Quae
541 2034 639 2061 cum
673 2019 758 2061 sint
783 2018 976 2076 apprime
1000 2016 1238 2071 manifesta,
1272 2017 1315 2059 in
1339 2016 1390 2058 iis
1424 2013 1686 2059 declarandis

253 2107 342 2135 non
374 2089 655 2134 immorabor.
691 2089 964 2134 Concludam
999 2090 1144 2147 potius
1169 2087 1392 2146 praeclaris
1426 2086 1543 2130 hisce
1566 2085 1683 2129 eius-

350 2365 404 2409 (1)
429 2365 522 2399 Vide
549 2374 672 2399 rursus
699 2375 751 2406 ea,
778 2374 869 2410 quae
896 2362 1053 2397 diximus
1079 2361 1171 2396 thes.
1197 2361 1278 2397 VII.
1304 2373 1386 2408 pag.
1411 2370 1466 2408 94.
1491 2372 1589 2407 seqq.

349 2425 406 2469 (2)
435 2424 488 2458 De
518 2423 581 2459 off.
617 2424 642 2458 I.
680 2432 730 2465 15.
759 2442 802 2448 —
830 2423 908 2456 Hoc
947 2432 1070 2457 tamen
1109 2421 1200 2456 adeo
1239 2420 1484 2456 necessarium
1522 2419 1686 2455 officium

255 2493 362 2530 quam
389 2482 503 2524 facile,
531 2493 639 2528 quam
667 2480 876 2527 frequenter
903 2480 1095 2522 violamus,
1116 2480 1330 2525 praesertim
1357 2479 1384 2513 si
1409 2477 1452 2512 de
1478 2486 1581 2524 grato
1601 2488 1686 2520 erga

253 2541 371 2576 Deum
400 2541 525 2574 animo
552 2540 596 2575 sit
623 2551 756 2574 sermo.
789 2541 883 2585 Apte
902 2539 1039 2574 Seneca
1067 2537 1088 2573 1.
1108 2538 1151 2572 de
1180 2536 1314 2573 benefi:
1345 2551 1363 2568 α
1381 2536 1419 2572 Si
1437 2546 1471 2571 te
1490 2535 1685 2582 diligenter

254 2599 467 2642 excusseris,
496 2600 623 2634 vitium
652 2599 695 2633 de
722 2609 794 2646 quo
823 2598 982 2645 quereris
1008 2599 1045 2632 in
1073 2598 1153 2632 sinu
1179 2597 1420 2633 inveniens.»
