1737 2802
794 83 1060 126 -215-

213 164 422 222 officium,
453 166 497 208 in
529 180 667 222 eoque
700 163 794 208 solo
827 180 999 208 summa
1031 179 1176 207 rerum
1215 176 1256 207 et
1303 165 1445 207 omnis
1491 164 1637 209 beatae

210 237 321 280 vitae
354 238 461 280 ratio
495 237 704 281 consistit:
738 236 996 294 quandoque
1041 248 1265 294 propterea
1295 234 1380 279 ficti
1414 249 1454 279 et
1498 237 1636 295 inspi-

213 309 290 353 rati
323 307 370 351 ab
402 324 454 351 eo
488 324 654 364 summ,
686 324 774 351 non
808 321 854 351 ut
902 308 1070 352 coelum
1120 307 1364 351 videremus
1413 321 1453 351 et
1499 307 1636 351 solem

215 381 356 440 (quod
388 382 666 438 Anaxagoras
690 379 892 439 putavit),
914 379 989 423 sed
1013 393 1058 423 ut
1090 379 1292 423 artificem
1318 378 1421 422 solis
1455 391 1495 422 et
1529 378 1638 422 coeli

211 454 355 496 Deum
390 468 494 510 pura
529 465 569 495 et
603 453 936 510 integramente
971 451 1264 495 coleremus.»
1305 452 1356 494 Et
1385 466 1531 494 rursus
1555 450 1635 509 (1):

215 543 238 566 «
261 525 309 568 In
342 525 425 568 Dei
461 525 709 582 cognitione
742 537 783 567 et
816 523 928 567 cultu
964 539 1107 566 rerum
1142 538 1313 566 summa
1350 536 1558 567 versatur:
1593 523 1636 564 in

212 596 296 640 hoc
330 609 392 640 est
425 612 521 654 spes
556 597 697 639 omnis
732 612 777 639 ac
810 595 920 639 salus
956 595 1161 640 hominis:
1197 595 1265 638 hic
1298 608 1359 638 est
1405 595 1636 653 sapientiae

212 667 369 727 gradus
401 669 583 726 primus,
617 681 662 711 ut
695 669 880 711 sciamus
929 669 1024 726 quis
1073 668 1127 710 sit
1159 666 1282 710 nobis
1332 682 1457 711 verus
1506 679 1638 725 pater,

213 756 398 799 eumque
423 740 564 784 solum
586 741 738 798 pietate
762 739 902 783 debita
924 755 1253 798 prosequamur,
1271 739 1369 783 huic
1393 755 1634 798 pareamus,

211 811 312 854 huic
359 811 637 854 devotissime
684 813 936 869 serviamus3
986 812 1027 853 in
1077 826 1128 854 eo
1179 811 1469 869 promerendo
1519 823 1637 854 actus

211 884 355 927 omnis
388 895 428 926 et
463 897 562 925 cura
594 895 634 925 et
668 898 797 941 opera
832 882 1121 926 collocetur.»

706 1085 1051 1130 ARTICULUS
1085 1085 1138 1127 II.

438 1215 510 1257 De
543 1214 721 1257 officiis
752 1215 974 1259 hominis
1007 1228 1128 1270 erga
1161 1216 1395 1271 seipsum.

330 1397 398 1439 59.
435 1383 563 1427 Haud
596 1396 708 1427 recte
742 1383 964 1437 diceretur,
999 1383 1189 1426 hominis
1224 1399 1323 1440 erga
1347 1382 1539 1441 seipsum
1568 1380 1639 1424 'of-

209 1454 303 1498 ficia
338 1455 415 1498 hac
449 1454 609 1498 includi
642 1454 841 1512 formula,
874 1471 969 1499 ama
1004 1458 1188 1514 teipsum.
1223 1456 1396 1499 Etenim
1453 1469 1638 1497 «amare

210 1539 273 1570 est
307 1526 411 1571 velle
445 1527 569 1571 alicui
602 1526 805 1571 bonum»
845 1527 930 1587 (2).
966 1527 1051 1572 Sed
1086 1527 1219 1570 homo
1253 1544 1304 1570 ex
1337 1525 1515 1569 naturali
1556 1541 1636 1568 ne-

211 1600 403 1644 cessitate
456 1599 545 1642 vult
579 1599 657 1642 sibi
711 1599 874 1643 bonum
907 1600 991 1659 (3).
1042 1600 1108 1643 De
1141 1600 1190 1642 iis
1238 1610 1396 1652 autem,
1431 1612 1538 1655 quae
1586 1613 1637 1640 ex

210 1670 386 1728 physica
419 1673 670 1716 necessitate
703 1671 811 1715 fiunt
844 1671 910 1715 vel
943 1672 1220 1726 omittuntur,
1246 1671 1360 1714 sicut
1392 1685 1479 1712 non
1513 1667 1639 1712 datur

208 1740 291 1795 lex,
326 1743 381 1785 ita
413 1758 489 1786 nec
523 1742 725 1800 obligatio
759 1743 880 1786 datur
913 1759 986 1786 seu
1022 1742 1228 1786 officium.

331 1816 399 1858 60.
434 1816 489 1858 At
524 1814 680 1873 duplex
715 1814 994 1872 distinguitur
1027 1813 1208 1868 bonum,
1237 1829 1393 1872 nempe
1427 1828 1572 1856 verum
1595 1824 1638 1856 et

210 1895 426 1947 apparens.
451 1887 575 1931 Prius
609 1900 671 1931 est
703 1886 824 1943 illud,
848 1887 966 1945 quod
999 1888 1041 1930 in
1075 1902 1119 1930 se
1142 1899 1206 1930 est
1238 1885 1421 1939 bonurn,
1445 1898 1485 1929 et
1508 1900 1635 1943 prae-

208 1973 323 2004 terea
355 1973 418 2004 est
451 1960 615 2004 bonum
643 1961 859 2018 proprium
893 1960 999 2003 entis
1024 1958 1149 2012 illius,
1180 1958 1230 2002 de
1254 1973 1341 2016 quo
1375 1957 1526 2015 agitur.
1552 1957 1637 1999 Po-

209 2033 365 2076 sterius
400 2045 541 2075 autem
577 2044 640 2075 est
674 2030 790 2085 illud,
814 2030 932 2089 quod
965 2031 1031 2074 vel
1065 2045 1213 2088 reapse
1246 2045 1333 2073 non
1367 2041 1430 2072 est
1455 2028 1637 2081 bonum,

209 2103 275 2147 vel
320 2119 409 2147 non
457 2117 520 2148 est
567 2103 730 2147 bonum
774 2104 993 2162 proprium
1027 2102 1139 2145 illius
1189 2102 1312 2155 entis,
1347 2101 1397 2144 de
1448 2115 1536 2158 quo
1570 2112 1636 2143 est

210 2190 368 2218 sermo.

303 2360 357 2406 (1)
382 2359 471 2394 Ibid.
501 2372 578 2407 cap.
606 2361 667 2396 IX.
1136 2396 1142 2399 .

303 2419 360 2465 (2)
385 2419 434 2453 Ita
462 2431 489 2453 s.
519 2419 684 2454 Thomas
713 2430 740 2454 1.
770 2429 800 2454 2.
829 2432 861 2467 q.
888 2419 943 2454 26.
971 2430 1001 2454 a.
1029 2429 1064 2462 4.
1095 2419 1151 2454 De
1177 2429 1300 2453 amore
1327 2418 1369 2453 cf.
1396 2416 1635 2452 Aristotelem

208 2479 359 2515 Rhetor.
390 2480 435 2515 11.
463 2490 494 2523 4.

305 2541 358 2585 (3)
384 2539 478 2574 Vide
505 2551 623 2585 super.
650 2539 725 2574 vol.
761 2550 788 2574 1.
813 2539 908 2574 thes.
934 2540 991 2584 V„
1018 2540 1228 2586 praesertim
1255 2550 1339 2586 pag.
1375 2548 1427 2585 39.
