<?xml version="1.0" encoding="UTF-8"?>
<!DOCTYPE html PUBLIC "-//W3C//DTD XHTML 1.0 Transitional//EN"
    "http://www.w3.org/TR/xhtml1/DTD/xhtml1-transitional.dtd">
<html xmlns="http://www.w3.org/1999/xhtml" xml:lang="en" lang="en">
 <head>
  <title>
</title>
<meta http-equiv="Content-Type" content="text/html;charset=utf-8" />
  <meta name='ocr-system' content='tesseract 3.04.00' />
  <meta name='ocr-capabilities' content='ocr_page ocr_carea ocr_par ocr_line ocrx_word'/>
</head>
<body>
  <div class='ocr_page' id='page_1' title='image "./institutionesphi02ferr_0272.png"; bbox 0 0 1737 2802; ppageno 0'>
   <div class='ocr_carea' id='block_1_1' title="bbox 758 107 1022 148">
    <p class='ocr_par' dir='ltr' id='par_1_1' title="bbox 758 107 1022 148">
     <span class='ocr_line' id='line_1_1' title="bbox 758 107 1022 148; baseline 0.004 -1"><span class='ocrx_word' id='word_1_1' title='bbox 758 107 1022 148; x_wconf 83' lang='lat'>—260-</span> 
     </span>
    </p>
   </div>
   <div class='ocr_carea' id='block_1_2' title="bbox 174 199 1614 1608">
    <p class='ocr_par' dir='ltr' id='par_1_2' title="bbox 174 199 1608 682">
     <span class='ocr_line' id='line_1_2' title="bbox 174 199 1608 260; baseline 0 -16"><span class='ocrx_word' id='word_1_2' title='bbox 174 219 225 245; x_wconf 83' lang='lat' dir='ltr'>na</span> <span class='ocrx_word' id='word_1_3' title='bbox 247 202 331 260; x_wconf 83' lang='grc' dir='ltr'>(Ι).</span> <span class='ocrx_word' id='word_1_4' title='bbox 352 219 373 239; x_wconf 89' lang='lat'>›&gt;</span> <span class='ocrx_word' id='word_1_5' title='bbox 400 226 456 234; x_wconf 92' lang='lat'>—-</span> <span class='ocrx_word' id='word_1_6' title='bbox 481 201 686 254; x_wconf 84' lang='lat' dir='ltr'>Quorum</span> <span class='ocrx_word' id='word_1_7' title='bbox 722 200 823 243; x_wconf 82' lang='lat' dir='ltr'>haec</span> <span class='ocrx_word' id='word_1_8' title='bbox 847 199 1032 243; x_wconf 86' lang='lat' dir='ltr'>breviter</span> <span class='ocrx_word' id='word_1_9' title='bbox 1064 212 1128 243; x_wconf 90' lang='lat' dir='ltr'>est</span> <span class='ocrx_word' id='word_1_10' title='bbox 1153 201 1275 243; x_wconf 83' lang='lat' dir='ltr'>ratio:</span> <span class='ocrx_word' id='word_1_11' title='bbox 1313 199 1411 258; x_wconf 83' lang='lat' dir='ltr'>quia</span> <span class='ocrx_word' id='word_1_12' title='bbox 1442 214 1494 243; x_wconf 87' lang='lat' dir='ltr'>ex</span> <span class='ocrx_word' id='word_1_13' title='bbox 1519 214 1608 244; x_wconf 84' lang='lat' dir='ltr'>una:</span> 
     </span>
     <span class='ocr_line' id='line_1_3' title="bbox 176 271 1599 332; baseline -0.001 -16"><span class='ocrx_word' id='word_1_14' title='bbox 176 286 291 332; x_wconf 77' lang='lat' dir='ltr'>parte</span> <span class='ocrx_word' id='word_1_15' title='bbox 326 272 379 315; x_wconf 91' lang='lat' dir='ltr'>ob</span> <span class='ocrx_word' id='word_1_16' title='bbox 413 271 666 315; x_wconf 75' lang='lat' dir='ltr'>laudabilem</span> <span class='ocrx_word' id='word_1_17' title='bbox 701 284 742 314; x_wconf 90' lang='lat' dir='ltr'>et</span> <span class='ocrx_word' id='word_1_18' title='bbox 776 272 929 314; x_wconf 80' lang='lat' dir='ltr'>iustam</span> <span class='ocrx_word' id='word_1_19' title='bbox 966 286 1135 314; x_wconf 85' lang='lat' dir='ltr'>causam</span> <span class='ocrx_word' id='word_1_20' title='bbox 1169 271 1264 314; x_wconf 85' lang='lat' dir='ltr'>licet</span> <span class='ocrx_word' id='word_1_21' title='bbox 1299 271 1453 313; x_wconf 85' lang='lat' dir='ltr'>mortis</span> <span class='ocrx_word' id='word_1_22' title='bbox 1486 273 1599 329; x_wconf 87' lang='lat' dir='ltr'>peri·-</span> 
     </span>
     <span class='ocr_line' id='line_1_4' title="bbox 176 341 1600 400; baseline 0 -15"><span class='ocrx_word' id='word_1_23' title='bbox 176 342 278 386; x_wconf 85' lang='lat' dir='ltr'>culis</span> <span class='ocrx_word' id='word_1_24' title='bbox 313 358 356 384; x_wconf 83' lang='lat' dir='ltr'>se</span> <span class='ocrx_word' id='word_1_25' title='bbox 389 357 433 384; x_wconf 90' lang='lat' dir='ltr'>se</span> <span class='ocrx_word' id='word_1_26' title='bbox 466 341 650 385; x_wconf 89' lang='lat' dir='ltr'>obiicere</span> <span class='ocrx_word' id='word_1_27' title='bbox 674 341 755 400; x_wconf 88' lang='lat'>(2),</span> <span class='ocrx_word' id='word_1_28' title='bbox 777 356 830 384; x_wconf 81' lang='lat' dir='ltr'>ex</span> <span class='ocrx_word' id='word_1_29' title='bbox 865 341 941 384; x_wconf 78' lang='lat' dir='ltr'>alia</span> <span class='ocrx_word' id='word_1_30' title='bbox 965 354 1108 384; x_wconf 77' lang='lat' dir='ltr'>autem</span> <span class='ocrx_word' id='word_1_31' title='bbox 1133 354 1248 398; x_wconf 82' lang='lat' dir='ltr'>parte</span> <span class='ocrx_word' id='word_1_32' title='bbox 1272 342 1432 385; x_wconf 87' lang='lat' dir='ltr'>occisio</span> <span class='ocrx_word' id='word_1_33' title='bbox 1457 341 1600 386; x_wconf 89' lang='lat' dir='ltr'>hostis</span> 
     </span>
     <span class='ocr_line' id='line_1_5' title="bbox 176 410 1608 470; baseline -0.001 -14"><span class='ocrx_word' id='word_1_34' title='bbox 176 413 281 457; x_wconf 77' lang='lat' dir='ltr'>facta</span> <span class='ocrx_word' id='word_1_35' title='bbox 315 430 364 456; x_wconf 81' lang='lat' dir='ltr'>ex</span> <span class='ocrx_word' id='word_1_36' title='bbox 397 414 652 456; x_wconf 77' lang='lat' dir='ltr'>auctoritate</span> <span class='ocrx_word' id='word_1_37' title='bbox 687 411 850 470; x_wconf 79' lang='lat' dir='ltr'>publica</span> <span class='ocrx_word' id='word_1_38' title='bbox 885 413 1062 455; x_wconf 87' lang='lat' dir='ltr'>nomine</span> <span class='ocrx_word' id='word_1_39' title='bbox 1097 413 1277 455; x_wconf 81' lang='lat' dir='ltr'>civitatis</span> <span class='ocrx_word' id='word_1_40' title='bbox 1310 414 1473 456; x_wconf 89' lang='lat' dir='ltr'>iustum</span> <span class='ocrx_word' id='word_1_41' title='bbox 1507 410 1608 456; x_wconf 79' lang='lat' dir='ltr'>bel-</span> 
     </span>
     <span class='ocr_line' id='line_1_6' title="bbox 175 483 1604 541; baseline 0 -14"><span class='ocrx_word' id='word_1_42' title='bbox 175 485 263 527; x_wconf 90' lang='lat' dir='ltr'>lum</span> <span class='ocrx_word' id='word_1_43' title='bbox 299 487 487 541; x_wconf 84' lang='lat' dir='ltr'>gerentis</span> <span class='ocrx_word' id='word_1_44' title='bbox 521 499 606 527; x_wconf 91' lang='lat' dir='ltr'>non</span> <span class='ocrx_word' id='word_1_45' title='bbox 642 497 704 526; x_wconf 91' lang='lat' dir='ltr'>est</span> <span class='ocrx_word' id='word_1_46' title='bbox 739 483 896 527; x_wconf 75' lang='lat' dir='ltr'>illicita.</span> <span class='ocrx_word' id='word_1_47' title='bbox 933 484 1050 526; x_wconf 75' lang='lat' dir='ltr'>Haec</span> <span class='ocrx_word' id='word_1_48' title='bbox 1085 485 1183 527; x_wconf 75' lang='lat' dir='ltr'>satis</span> <span class='ocrx_word' id='word_1_49' title='bbox 1219 496 1281 527; x_wconf 87' lang='lat' dir='ltr'>est</span> <span class='ocrx_word' id='word_1_50' title='bbox 1315 485 1505 528; x_wconf 90' lang='lat' dir='ltr'>innuisse</span> <span class='ocrx_word' id='word_1_51' title='bbox 1549 483 1604 527; x_wconf 87' lang='lat' dir='ltr'>de</span> 
     </span>
     <span class='ocr_line' id='line_1_7' title="bbox 176 553 1605 613; baseline 0 -16"><span class='ocrx_word' id='word_1_52' title='bbox 176 555 355 613; x_wconf 77' lang='lat' dir='ltr'>publicis</span> <span class='ocrx_word' id='word_1_53' title='bbox 391 555 506 598; x_wconf 85' lang='lat' dir='ltr'>hisce</span> <span class='ocrx_word' id='word_1_54' title='bbox 541 553 709 611; x_wconf 84' lang='lat' dir='ltr'>duellis,</span> <span class='ocrx_word' id='word_1_55' title='bbox 743 571 850 612; x_wconf 75' lang='lat' dir='ltr'>quae</span> <span class='ocrx_word' id='word_1_56' title='bbox 899 555 979 597; x_wconf 78' lang='lat' dir='ltr'>iani</span> <span class='ocrx_word' id='word_1_57' title='bbox 1016 569 1102 597; x_wconf 87' lang='lat' dir='ltr'>non</span> <span class='ocrx_word' id='word_1_58' title='bbox 1147 555 1329 612; x_wconf 81' lang='lat' dir='ltr'>amplius</span> <span class='ocrx_word' id='word_1_59' title='bbox 1364 554 1605 598; x_wconf 83' lang='lat' dir='ltr'>secundum</span> 
     </span>
     <span class='ocr_line' id='line_1_8' title="bbox 177 625 1040 682; baseline 0 -13"><span class='ocrx_word' id='word_1_60' title='bbox 177 626 433 670; x_wconf 86' lang='lat' dir='ltr'>hodiernum</span> <span class='ocrx_word' id='word_1_61' title='bbox 470 625 652 669; x_wconf 75' lang='lat' dir='ltr'>bellandi</span> <span class='ocrx_word' id='word_1_62' title='bbox 689 625 870 669; x_wconf 86' lang='lat' dir='ltr'>modum</span> <span class='ocrx_word' id='word_1_63' title='bbox 906 625 1040 682; x_wconf 52' lang='lat' dir='ltr'>fiunt„</span> 
     </span>
    </p>

    <p class='ocr_par' dir='ltr' id='par_1_3' title="bbox 176 697 1614 1608">
     <span class='ocr_line' id='line_1_9' title="bbox 294 697 1607 757; baseline 0 -15"><span class='ocrx_word' id='word_1_64' title='bbox 294 698 341 757; x_wconf 75' lang='grc' dir='ltr'>β)</span> <span class='ocrx_word' id='word_1_65' title='bbox 376 699 441 741; x_wconf 90' lang='lat' dir='ltr'>De</span> <span class='ocrx_word' id='word_1_66' title='bbox 475 698 624 741; x_wconf 89' lang='lat' dir='ltr'>duellis</span> <span class='ocrx_word' id='word_1_67' title='bbox 659 699 786 740; x_wconf 74' lang='lat' dir='ltr'>etiam</span> <span class='ocrx_word' id='word_1_68' title='bbox 821 712 873 741; x_wconf 82' lang='lat' dir='ltr'>ex</span> <span class='ocrx_word' id='word_1_69' title='bbox 902 698 1064 756; x_wconf 77' lang='lat' dir='ltr'>publica</span> <span class='ocrx_word' id='word_1_70' title='bbox 1099 699 1350 741; x_wconf 72' lang='lat' dir='ltr'>auctoritate</span> <span class='ocrx_word' id='word_1_71' title='bbox 1374 710 1414 741; x_wconf 91' lang='lat' dir='ltr'>et</span> <span class='ocrx_word' id='word_1_72' title='bbox 1438 697 1492 742; x_wconf 92' lang='lat' dir='ltr'>ob</span> <span class='ocrx_word' id='word_1_73' title='bbox 1511 699 1607 757; x_wconf 80' lang='lat' dir='ltr'>pri—</span> 
     </span>
     <span class='ocr_line' id='line_1_10' title="bbox 178 770 1601 828; baseline 0.002 -17"><span class='ocrx_word' id='word_1_74' title='bbox 178 779 321 813; x_wconf 74' lang='lat' dir='ltr'>vatam</span> <span class='ocrx_word' id='word_1_75' title='bbox 347 785 515 813; x_wconf 77' lang='lat' dir='ltr'>causam</span> <span class='ocrx_word' id='word_1_76' title='bbox 535 770 761 827; x_wconf 74' lang='lat' dir='ltr'>susceptis,</span> <span class='ocrx_word' id='word_1_77' title='bbox 780 786 867 813; x_wconf 86' lang='lat' dir='ltr'>non</span> <span class='ocrx_word' id='word_1_78' title='bbox 893 782 955 813; x_wconf 88' lang='lat' dir='ltr'>est</span> <span class='ocrx_word' id='word_1_79' title='bbox 978 786 1052 813; x_wconf 86' lang='lat' dir='ltr'>cur</span> <span class='ocrx_word' id='word_1_80' title='bbox 1075 770 1273 814; x_wconf 84' lang='lat' dir='ltr'>hocloco</span> <span class='ocrx_word' id='word_1_81' title='bbox 1299 770 1390 813; x_wconf 90' lang='lat' dir='ltr'>fuse</span> <span class='ocrx_word' id='word_1_82' title='bbox 1409 786 1601 828; x_wconf 86' lang='lat' dir='ltr'>agamus.</span> 
     </span>
     <span class='ocr_line' id='line_1_11' title="bbox 177 839 1606 885; baseline 0.001 -1"><span class='ocrx_word' id='word_1_83' title='bbox 177 843 295 884; x_wconf 82' lang='lat' dir='ltr'>Haec</span> <span class='ocrx_word' id='word_1_84' title='bbox 319 841 433 883; x_wconf 86' lang='lat' dir='ltr'>enim</span> <span class='ocrx_word' id='word_1_85' title='bbox 455 839 591 883; x_wconf 76' lang='lat' dir='ltr'>duella</span> <span class='ocrx_word' id='word_1_86' title='bbox 616 840 760 883; x_wconf 81' lang='lat' dir='ltr'>reduci</span> <span class='ocrx_word' id='word_1_87' title='bbox 786 840 958 883; x_wconf 78' lang='lat' dir='ltr'>tandem</span> <span class='ocrx_word' id='word_1_88' title='bbox 979 840 1178 884; x_wconf 80' lang='lat' dir='ltr'>videntur</span> <span class='ocrx_word' id='word_1_89' title='bbox 1201 841 1251 884; x_wconf 88' lang='lat' dir='ltr'>ad</span> <span class='ocrx_word' id='word_1_90' title='bbox 1275 842 1506 885; x_wconf 83' lang='lat' dir='ltr'>certamina</span> <span class='ocrx_word' id='word_1_91' title='bbox 1530 841 1606 885; x_wconf 82' lang='lat' dir='ltr'>illa·</span> 
     </span>
     <span class='ocr_line' id='line_1_12' title="bbox 176 910 1611 970; baseline 0.001 -15"><span class='ocrx_word' id='word_1_92' title='bbox 176 913 395 955; x_wconf 76' lang='lat' dir='ltr'>iudiciaria</span> <span class='ocrx_word' id='word_1_93' title='bbox 428 910 514 969; x_wconf 80' lang='lat'>(3),</span> <span class='ocrx_word' id='word_1_94' title='bbox 547 927 653 968; x_wconf 78' lang='lat' dir='ltr'>quae</span> <span class='ocrx_word' id='word_1_95' title='bbox 689 910 795 954; x_wconf 85' lang='lat' dir='ltr'>olim</span> <span class='ocrx_word' id='word_1_96' title='bbox 830 911 1004 970; x_wconf 85' lang='lat' dir='ltr'>quidem</span> <span class='ocrx_word' id='word_1_97' title='bbox 1034 911 1204 966; x_wconf 83' lang='lat' dir='ltr'>fiebant,</span> <span class='ocrx_word' id='word_1_98' title='bbox 1228 927 1340 956; x_wconf 86' lang='lat' dir='ltr'>nunc</span> <span class='ocrx_word' id='word_1_99' title='bbox 1377 924 1519 956; x_wconf 86' lang='lat' dir='ltr'>autem</span> <span class='ocrx_word' id='word_1_100' title='bbox 1554 911 1611 956; x_wconf 89' lang='lat' dir='ltr'>ab·</span> 
     </span>
     <span class='ocr_line' id='line_1_13' title="bbox 177 983 1612 1042; baseline 0.001 -16"><span class='ocrx_word' id='word_1_101' title='bbox 177 984 398 1028; x_wconf 81' lang='lat' dir='ltr'>hodiernis</span> <span class='ocrx_word' id='word_1_102' title='bbox 433 983 624 1026; x_wconf 86' lang='lat' dir='ltr'>moribus</span> <span class='ocrx_word' id='word_1_103' title='bbox 659 984 838 1026; x_wconf 86' lang='lat' dir='ltr'>omnino</span> <span class='ocrx_word' id='word_1_104' title='bbox 874 997 1150 1027; x_wconf 87' lang='lat' dir='ltr'>recesserunt.</span> <span class='ocrx_word' id='word_1_105' title='bbox 1187 984 1359 1028; x_wconf 84' lang='lat' dir='ltr'>Fiebant</span> <span class='ocrx_word' id='word_1_106' title='bbox 1395 984 1516 1042; x_wconf 87' lang='lat' dir='ltr'>olim,</span> <span class='ocrx_word' id='word_1_107' title='bbox 1559 996 1612 1027; x_wconf 74' lang='lat' dir='ltr'>utv</span> 
     </span>
     <span class='ocr_line' id='line_1_14' title="bbox 177 1054 1608 1116; baseline -0.001 -16"><span class='ocrx_word' id='word_1_108' title='bbox 177 1073 228 1100; x_wconf 79' lang='lat' dir='ltr'>ex</span> <span class='ocrx_word' id='word_1_109' title='bbox 259 1068 413 1099; x_wconf 84' lang='lat' dir='ltr'>eventu</span> <span class='ocrx_word' id='word_1_110' title='bbox 447 1054 600 1113; x_wconf 85' lang='lat' dir='ltr'>(quem</span> <span class='ocrx_word' id='word_1_111' title='bbox 634 1068 836 1098; x_wconf 83' lang='lat' dir='ltr'>eventum</span> <span class='ocrx_word' id='word_1_112' title='bbox 873 1055 921 1098; x_wconf 76' lang='lat' dir='ltr'>ad</span> <span class='ocrx_word' id='word_1_113' title='bbox 972 1057 1030 1099; x_wconf 89' lang='lat' dir='ltr'>rei</span> <span class='ocrx_word' id='word_1_114' title='bbox 1064 1058 1287 1100; x_wconf 87' lang='lat' dir='ltr'>veritatem</span> <span class='ocrx_word' id='word_1_115' title='bbox 1327 1056 1608 1116; x_wconf 80' lang='lat' dir='ltr'>aperiendam¹</span> 
     </span>
     <span class='ocr_line' id='line_1_15' title="bbox 176 1126 1608 1186; baseline 0 -15"><span class='ocrx_word' id='word_1_116' title='bbox 176 1128 449 1186; x_wconf 76' lang='lat' dir='ltr'>superstitiose</span> <span class='ocrx_word' id='word_1_117' title='bbox 483 1126 732 1169; x_wconf 82' lang='lat' dir='ltr'>credebatur</span> <span class='ocrx_word' id='word_1_118' title='bbox 765 1142 1020 1184; x_wconf 84' lang='lat' dir='ltr'>supremum</span> <span class='ocrx_word' id='word_1_119' title='bbox 1055 1127 1199 1185; x_wconf 86' lang='lat' dir='ltr'>ipsum</span> <span class='ocrx_word' id='word_1_120' title='bbox 1236 1129 1413 1172; x_wconf 86' lang='lat' dir='ltr'>Numen</span> <span class='ocrx_word' id='word_1_121' title='bbox 1446 1126 1608 1171; x_wconf 87' lang='lat' dir='ltr'>mode-</span> 
     </span>
     <span class='ocr_line' id='line_1_16' title="bbox 178 1198 1612 1258; baseline -0.001 -15"><span class='ocrx_word' id='word_1_122' title='bbox 178 1201 271 1243; x_wconf 82' lang='lat' dir='ltr'>rari:</span> <span class='ocrx_word' id='word_1_123' title='bbox 308 1198 419 1241; x_wconf 83' lang='lat' dir='ltr'>unde</span> <span class='ocrx_word' id='word_1_124' title='bbox 454 1198 606 1242; x_wconf 72' lang='lat' dir='ltr'>indicia</span> <span class='ocrx_word' id='word_1_125' title='bbox 641 1199 721 1242; x_wconf 82' lang='lat' dir='ltr'>Dei</span> <span class='ocrx_word' id='word_1_126' title='bbox 752 1198 1036 1258; x_wconf 79' lang='lat' dir='ltr'>vocabantur)</span> <span class='ocrx_word' id='word_1_127' title='bbox 1071 1198 1179 1242; x_wconf 81' lang='lat' dir='ltr'>clare</span> <span class='ocrx_word' id='word_1_128' title='bbox 1213 1201 1501 1242; x_wconf 81' lang='lat' dir='ltr'>innotesceret</span> <span class='ocrx_word' id='word_1_129' title='bbox 1533 1213 1612 1242; x_wconf 82' lang='lat' dir='ltr'>ve—</span> 
     </span>
     <span class='ocr_line' id='line_1_17' title="bbox 178 1268 1604 1328; baseline -0.001 -14"><span class='ocrx_word' id='word_1_130' title='bbox 178 1272 277 1314; x_wconf 84' lang='lat' dir='ltr'>ritas</span> <span class='ocrx_word' id='word_1_131' title='bbox 312 1270 488 1313; x_wconf 78' lang='lat' dir='ltr'>alicuius</span> <span class='ocrx_word' id='word_1_132' title='bbox 523 1268 632 1323; x_wconf 82' lang='lat' dir='ltr'>facti,</span> <span class='ocrx_word' id='word_1_133' title='bbox 666 1286 701 1312; x_wconf 92' lang='lat' dir='ltr'>e.</span> <span class='ocrx_word' id='word_1_134' title='bbox 737 1285 778 1326; x_wconf 83' lang='lat' dir='ltr'>g.</span> <span class='ocrx_word' id='word_1_135' title='bbox 814 1270 1013 1327; x_wconf 86' lang='lat' dir='ltr'>propriae</span> <span class='ocrx_word' id='word_1_136' title='bbox 1056 1270 1341 1328; x_wconf 77' lang='lat' dir='ltr'>innocentiae,</span> <span class='ocrx_word' id='word_1_137' title='bbox 1374 1286 1448 1314; x_wconf 91' lang='lat' dir='ltr'>seu</span> <span class='ocrx_word' id='word_1_138' title='bbox 1498 1270 1604 1313; x_wconf 88' lang='lat' dir='ltr'>iuris</span> 
     </span>
     <span class='ocr_line' id='line_1_18' title="bbox 177 1339 1605 1386; baseline -0.003 0"><span class='ocrx_word' id='word_1_139' title='bbox 177 1343 354 1386; x_wconf 80' lang='lat' dir='ltr'>alicuius</span> <span class='ocrx_word' id='word_1_140' title='bbox 389 1343 431 1385; x_wconf 89' lang='lat' dir='ltr'>in</span> <span class='ocrx_word' id='word_1_141' title='bbox 465 1340 645 1385; x_wconf 86' lang='lat' dir='ltr'>dubium</span> <span class='ocrx_word' id='word_1_142' title='bbox 678 1341 816 1384; x_wconf 83' lang='lat' dir='ltr'>vocati</span> <span class='ocrx_word' id='word_1_143' title='bbox 851 1342 1085 1385; x_wconf 82' lang='lat' dir='ltr'>existentia.</span> <span class='ocrx_word' id='word_1_144' title='bbox 1120 1343 1251 1385; x_wconf 86' lang='lat' dir='ltr'>Erant</span> <span class='ocrx_word' id='word_1_145' title='bbox 1285 1354 1429 1384; x_wconf 77' lang='lat' dir='ltr'>autem</span> <span class='ocrx_word' id='word_1_146' title='bbox 1461 1339 1605 1383; x_wconf 84' lang='lat' dir='ltr'>illicita</span> 
     </span>
     <span class='ocr_line' id='line_1_19' title="bbox 178 1414 1614 1472; baseline -0.001 -14"><span class='ocrx_word' id='word_1_147' title='bbox 178 1414 232 1458; x_wconf 94' lang='lat' dir='ltr'>ob</span> <span class='ocrx_word' id='word_1_148' title='bbox 266 1414 373 1457; x_wconf 87' lang='lat' dir='ltr'>hanc</span> <span class='ocrx_word' id='word_1_149' title='bbox 407 1414 593 1456; x_wconf 82' lang='lat' dir='ltr'>maxime</span> <span class='ocrx_word' id='word_1_150' title='bbox 626 1427 809 1466; x_wconf 78' lang='lat' dir='ltr'>causam,</span> <span class='ocrx_word' id='word_1_151' title='bbox 842 1414 941 1470; x_wconf 81' lang='lat' dir='ltr'>quia</span> <span class='ocrx_word' id='word_1_152' title='bbox 988 1425 1108 1456; x_wconf 85' lang='lat' dir='ltr'>erant</span> <span class='ocrx_word' id='word_1_153' title='bbox 1147 1414 1451 1472; x_wconf 77' lang='lat' dir='ltr'>superstitiosa,</span> <span class='ocrx_word' id='word_1_154' title='bbox 1486 1424 1614 1457; x_wconf 82' lang='lat' dir='ltr'>erant</span> 
     </span>
     <span class='ocr_line' id='line_1_20' title="bbox 176 1482 1610 1542; baseline -0.003 -12"><span class='ocrx_word' id='word_1_155' title='bbox 176 1487 346 1530; x_wconf 71' lang='lat' dir='ltr'>tentatio</span> <span class='ocrx_word' id='word_1_156' title='bbox 381 1486 475 1542; x_wconf 71' lang='lat' dir='ltr'>Dei,</span> <span class='ocrx_word' id='word_1_157' title='bbox 508 1485 580 1542; x_wconf 89' lang='lat' dir='ltr'>qui</span> <span class='ocrx_word' id='word_1_158' title='bbox 615 1484 774 1527; x_wconf 88' lang='lat' dir='ltr'>scilicet</span> <span class='ocrx_word' id='word_1_159' title='bbox 822 1499 910 1527; x_wconf 88' lang='lat' dir='ltr'>non</span> <span class='ocrx_word' id='word_1_160' title='bbox 953 1485 1154 1542; x_wconf 83' lang='lat' dir='ltr'>promisit</span> <span class='ocrx_word' id='word_1_161' title='bbox 1187 1499 1265 1528; x_wconf 88' lang='lat' dir='ltr'>nec</span> <span class='ocrx_word' id='word_1_162' title='bbox 1313 1495 1484 1528; x_wconf 87' lang='lat' dir='ltr'>tenetur</span> <span class='ocrx_word' id='word_1_163' title='bbox 1532 1482 1610 1526; x_wconf 69' lang='lat' dir='ltr'>tali</span> 
     </span>
     <span class='ocr_line' id='line_1_21' title="bbox 179 1554 1612 1608; baseline -0.001 -8"><span class='ocrx_word' id='word_1_164' title='bbox 179 1556 312 1600; x_wconf 87' lang='lat' dir='ltr'>modo</span> <span class='ocrx_word' id='word_1_165' title='bbox 337 1556 628 1599; x_wconf 82' lang='lat' dir='ltr'>innocentiam</span> <span class='ocrx_word' id='word_1_166' title='bbox 652 1556 763 1598; x_wconf 87' lang='lat' dir='ltr'>tueri</span> <span class='ocrx_word' id='word_1_167' title='bbox 787 1568 858 1598; x_wconf 84' lang='lat' dir='ltr'>aut</span> <span class='ocrx_word' id='word_1_168' title='bbox 881 1556 1107 1598; x_wconf 83' lang='lat' dir='ltr'>veritatem</span> <span class='ocrx_word' id='word_1_169' title='bbox 1133 1554 1418 1598; x_wconf 77' lang='lat' dir='ltr'>manifestare.</span> <span class='ocrx_word' id='word_1_170' title='bbox 1450 1555 1612 1608; x_wconf 70' lang='lat' dir='ltr'>Quare.-</span> 
     </span>
    </p>
   </div>
   <div class='ocr_carea' id='block_1_3' title="bbox 181 1710 427 1716">
    <p class='ocr_par' dir='ltr' id='par_1_4' title="bbox 181 1710 427 1716">
     <span class='ocr_line' id='line_1_22' title="bbox 181 1710 427 1716; baseline 0 0"><span class='ocrx_word' id='word_1_171' title='bbox 181 1710 427 1716; x_wconf 95' lang='lat' dir='ltr'> </span> 
     </span>
    </p>
   </div>
   <div class='ocr_carea' id='block_1_4' title="bbox 177 1791 1616 2610">
    <p class='ocr_par' dir='ltr' id='par_1_5' title="bbox 271 1791 1581 1839">
     <span class='ocr_line' id='line_1_23' title="bbox 271 1791 1581 1839; baseline 0 -12"><span class='ocrx_word' id='word_1_172' title='bbox 271 1792 325 1839; x_wconf 83' lang='lat' dir='ltr'>(x)</span> <span class='ocrx_word' id='word_1_173' title='bbox 349 1794 405 1827; x_wconf 93' lang='lat' dir='ltr'>De</span> <span class='ocrx_word' id='word_1_174' title='bbox 432 1793 511 1827; x_wconf 87' lang='lat' dir='ltr'>iust.</span> <span class='ocrx_word' id='word_1_175' title='bbox 539 1792 630 1839; x_wconf 84' lang='lat' dir='ltr'>disp.</span> <span class='ocrx_word' id='word_1_176' title='bbox 657 1803 709 1837; x_wconf 88' lang='lat'>17.</span> <span class='ocrx_word' id='word_1_177' title='bbox 727 1804 826 1828; x_wconf 89' lang='lat' dir='ltr'>num.</span> <span class='ocrx_word' id='word_1_178' title='bbox 845 1791 878 1827; x_wconf 93' lang='lat'>6.</span> <span class='ocrx_word' id='word_1_179' title='bbox 899 1791 954 1828; x_wconf 89' lang='lat' dir='ltr'>Cf.</span> <span class='ocrx_word' id='word_1_180' title='bbox 974 1792 1085 1828; x_wconf 85' lang='lat' dir='ltr'>etiam</span> <span class='ocrx_word' id='word_1_181' title='bbox 1104 1793 1245 1836; x_wconf 89' lang='lat' dir='ltr'>Gerdil,</span> <span class='ocrx_word' id='word_1_182' title='bbox 1269 1804 1326 1838; x_wconf 89' lang='lat' dir='ltr'>op.</span> <span class='ocrx_word' id='word_1_183' title='bbox 1346 1792 1406 1828; x_wconf 86' lang='lat' dir='ltr'>cit.</span> <span class='ocrx_word' id='word_1_184' title='bbox 1425 1791 1529 1838; x_wconf 88' lang='lat' dir='ltr'>chap.</span> <span class='ocrx_word' id='word_1_185' title='bbox 1549 1791 1581 1827; x_wconf 80' lang='lat'>8.</span> 
     </span>
    </p>

    <p class='ocr_par' dir='ltr' id='par_1_6' title="bbox 178 1851 1613 2018">
     <span class='ocr_line' id='line_1_24' title="bbox 273 1851 1613 1898; baseline -0.001 -11"><span class='ocrx_word' id='word_1_186' title='bbox 273 1854 327 1898; x_wconf 85' lang='lat'>(2)</span> <span class='ocrx_word' id='word_1_187' title='bbox 355 1851 449 1888; x_wconf 89' lang='lat' dir='ltr'>Vide</span> <span class='ocrx_word' id='word_1_188' title='bbox 476 1864 591 1898; x_wconf 89' lang='lat' dir='ltr'>super.</span> <span class='ocrx_word' id='word_1_189' title='bbox 630 1852 721 1887; x_wconf 90' lang='lat' dir='ltr'>thes.</span> <span class='ocrx_word' id='word_1_190' title='bbox 764 1852 860 1887; x_wconf 90' lang='lat' dir='ltr'>XXI.</span> <span class='ocrx_word' id='word_1_191' title='bbox 889 1863 971 1898; x_wconf 88' lang='lat' dir='ltr'>pag.</span> <span class='ocrx_word' id='word_1_192' title='bbox 1000 1860 1080 1896; x_wconf 84' lang='lat'>237.</span> <span class='ocrx_word' id='word_1_193' title='bbox 1108 1871 1152 1878; x_wconf 91' lang='lat'>—</span> <span class='ocrx_word' id='word_1_194' title='bbox 1177 1852 1360 1888; x_wconf 91' lang='lat' dir='ltr'>Notentur</span> <span class='ocrx_word' id='word_1_195' title='bbox 1397 1851 1459 1887; x_wconf 87' lang='lat' dir='ltr'>illa</span> <span class='ocrx_word' id='word_1_196' title='bbox 1495 1852 1613 1886; x_wconf 75' lang='lat' dir='ltr'>verba·</span> 
     </span>
     <span class='ocr_line' id='line_1_25' title="bbox 179 1911 1606 1948; baseline 0 -1"><span class='ocrx_word' id='word_1_197' title='bbox 179 1914 217 1947; x_wconf 85' lang='lat' dir='ltr'>ob</span> <span class='ocrx_word' id='word_1_198' title='bbox 245 1912 451 1948; x_wconf 74' lang='lat' dir='ltr'>laudabilem</span> <span class='ocrx_word' id='word_1_199' title='bbox 479 1918 510 1947; x_wconf 72' lang='lat' dir='ltr'>et</span> <span class='ocrx_word' id='word_1_200' title='bbox 538 1914 659 1946; x_wconf 81' lang='lat' dir='ltr'>iustam</span> <span class='ocrx_word' id='word_1_201' title='bbox 688 1923 838 1947; x_wconf 78' lang='lat' dir='ltr'>causam:</span> <span class='ocrx_word' id='word_1_202' title='bbox 864 1911 907 1946; x_wconf 84' lang='lat' dir='ltr'>iis</span> <span class='ocrx_word' id='word_1_203' title='bbox 934 1913 1030 1946; x_wconf 86' lang='lat' dir='ltr'>enim</span> <span class='ocrx_word' id='word_1_204' title='bbox 1059 1911 1249 1947; x_wconf 78' lang='lat' dir='ltr'>exhibetur</span> <span class='ocrx_word' id='word_1_205' title='bbox 1280 1911 1439 1948; x_wconf 86' lang='lat' dir='ltr'>conditio</span> <span class='ocrx_word' id='word_1_206' title='bbox 1476 1922 1606 1947; x_wconf 89' lang='lat' dir='ltr'>neces-</span> 
     </span>
     <span class='ocr_line' id='line_1_26' title="bbox 178 1970 1331 2018; baseline -0.001 -11"><span class='ocrx_word' id='word_1_207' title='bbox 178 1973 281 2016; x_wconf 87' lang='lat' dir='ltr'>saria,</span> <span class='ocrx_word' id='word_1_208' title='bbox 307 1982 346 2008; x_wconf 90' lang='lat' dir='ltr'>ut</span> <span class='ocrx_word' id='word_1_209' title='bbox 373 1972 471 2007; x_wconf 86' lang='lat' dir='ltr'>licite</span> <span class='ocrx_word' id='word_1_210' title='bbox 498 1971 575 2018; x_wconf 89' lang='lat' dir='ltr'>quis</span> <span class='ocrx_word' id='word_1_211' title='bbox 602 1972 716 2017; x_wconf 89' lang='lat' dir='ltr'>possit</span> <span class='ocrx_word' id='word_1_212' title='bbox 741 1983 779 2006; x_wconf 92' lang='lat' dir='ltr'>se</span> <span class='ocrx_word' id='word_1_213' title='bbox 806 1971 966 2006; x_wconf 85' lang='lat' dir='ltr'>obiicere</span> <span class='ocrx_word' id='word_1_214' title='bbox 992 1970 1162 2017; x_wconf 88' lang='lat' dir='ltr'>periculis</span> <span class='ocrx_word' id='word_1_215' title='bbox 1189 1971 1331 2006; x_wconf 88' lang='lat' dir='ltr'>mortis.</span> 
     </span>
    </p>

    <p class='ocr_par' dir='ltr' id='par_1_7' title="bbox 177 2029 1616 2610">
     <span class='ocr_line' id='line_1_27' title="bbox 275 2029 1610 2078; baseline -0.002 -11"><span class='ocrx_word' id='word_1_216' title='bbox 275 2032 332 2077; x_wconf 82' lang='lat'>(3)</span> <span class='ocrx_word' id='word_1_217' title='bbox 356 2033 408 2067; x_wconf 91' lang='lat' dir='ltr'>En</span> <span class='ocrx_word' id='word_1_218' title='bbox 437 2032 593 2066; x_wconf 81' lang='lat' dir='ltr'>breviter</span> <span class='ocrx_word' id='word_1_219' title='bbox 619 2031 762 2074; x_wconf 88' lang='lat' dir='ltr'>modus,</span> <span class='ocrx_word' id='word_1_220' title='bbox 790 2042 861 2078; x_wconf 93' lang='lat' dir='ltr'>quo</span> <span class='ocrx_word' id='word_1_221' title='bbox 892 2030 1077 2066; x_wconf 86' lang='lat' dir='ltr'>iudiciaria</span> <span class='ocrx_word' id='word_1_222' title='bbox 1101 2031 1193 2066; x_wconf 89' lang='lat' dir='ltr'>haec</span> <span class='ocrx_word' id='word_1_223' title='bbox 1220 2030 1340 2066; x_wconf 88' lang='lat' dir='ltr'>duella</span> <span class='ocrx_word' id='word_1_224' title='bbox 1359 2029 1492 2065; x_wconf 83' lang='lat' dir='ltr'>fierint</span> <span class='ocrx_word' id='word_1_225' title='bbox 1519 2029 1610 2076; x_wconf 72' lang='lat' dir='ltr'>plu·</span> 
     </span>
     <span class='ocr_line' id='line_1_28' title="bbox 177 2089 1605 2135; baseline -0.002 -9"><span class='ocrx_word' id='word_1_226' title='bbox 177 2092 311 2126; x_wconf 82' lang='lat' dir='ltr'>timum</span> <span class='ocrx_word' id='word_1_227' title='bbox 338 2091 514 2126; x_wconf 83' lang='lat' dir='ltr'>solebant.</span> <span class='ocrx_word' id='word_1_228' title='bbox 543 2091 653 2126; x_wconf 76' lang='lat' dir='ltr'>Index</span> <span class='ocrx_word' id='word_1_229' title='bbox 680 2091 906 2135; x_wconf 84' lang='lat' dir='ltr'>decernebat,</span> <span class='ocrx_word' id='word_1_230' title='bbox 932 2090 1054 2125; x_wconf 89' lang='lat' dir='ltr'>locum</span> <span class='ocrx_word' id='word_1_231' title='bbox 1082 2101 1161 2125; x_wconf 89' lang='lat' dir='ltr'>esse</span> <span class='ocrx_word' id='word_1_232' title='bbox 1191 2089 1379 2125; x_wconf 88' lang='lat' dir='ltr'>certamini</span> <span class='ocrx_word' id='word_1_233' title='bbox 1419 2090 1512 2125; x_wconf 88' lang='lat' dir='ltr'>inter</span> <span class='ocrx_word' id='word_1_234' title='bbox 1548 2099 1605 2124; x_wconf 85' lang='lat' dir='ltr'>ac·</span> 
     </span>
     <span class='ocr_line' id='line_1_29' title="bbox 179 2146 1611 2185; baseline -0.001 -1"><span class='ocrx_word' id='word_1_235' title='bbox 179 2159 342 2185; x_wconf 86' lang='lat' dir='ltr'>cusatum</span> <span class='ocrx_word' id='word_1_236' title='bbox 370 2159 403 2185; x_wconf 89' lang='lat' dir='ltr'>et</span> <span class='ocrx_word' id='word_1_237' title='bbox 429 2158 676 2184; x_wconf 84' lang='lat' dir='ltr'>accusatorem</span> <span class='ocrx_word' id='word_1_238' title='bbox 704 2160 765 2184; x_wconf 90' lang='lat' dir='ltr'>seu</span> <span class='ocrx_word' id='word_1_239' title='bbox 792 2149 882 2184; x_wconf 91' lang='lat' dir='ltr'>duos</span> <span class='ocrx_word' id='word_1_240' title='bbox 920 2148 1014 2184; x_wconf 85' lang='lat' dir='ltr'>inter</span> <span class='ocrx_word' id='word_1_241' title='bbox 1053 2149 1329 2184; x_wconf 86' lang='lat' dir='ltr'>contendentes.</span> <span class='ocrx_word' id='word_1_242' title='bbox 1359 2147 1406 2182; x_wconf 88' lang='lat' dir='ltr'>Hi</span> <span class='ocrx_word' id='word_1_243' title='bbox 1446 2146 1611 2183; x_wconf 73' lang='lat' dir='ltr'>solemni</span> 
     </span>
     <span class='ocr_line' id='line_1_30' title="bbox 179 2206 1616 2255; baseline -0.001 -11"><span class='ocrx_word' id='word_1_244' title='bbox 179 2208 409 2244; x_wconf 76' lang='lat' dir='ltr'>iureiurando</span> <span class='ocrx_word' id='word_1_245' title='bbox 437 2208 677 2252; x_wconf 84' lang='lat' dir='ltr'>affirmabant,</span> <span class='ocrx_word' id='word_1_246' title='bbox 703 2219 740 2243; x_wconf 89' lang='lat' dir='ltr'>se</span> <span class='ocrx_word' id='word_1_247' title='bbox 767 2220 842 2243; x_wconf 90' lang='lat' dir='ltr'>non</span> <span class='ocrx_word' id='word_1_248' title='bbox 869 2207 954 2244; x_wconf 91' lang='lat' dir='ltr'>odio</span> <span class='ocrx_word' id='word_1_249' title='bbox 982 2219 1100 2255; x_wconf 87' lang='lat' dir='ltr'>neque</span> <span class='ocrx_word' id='word_1_250' title='bbox 1127 2208 1276 2244; x_wconf 88' lang='lat' dir='ltr'>ultionis</span> <span class='ocrx_word' id='word_1_251' title='bbox 1302 2206 1452 2242; x_wconf 88' lang='lat' dir='ltr'>libidine</span> <span class='ocrx_word' id='word_1_252' title='bbox 1481 2215 1616 2242; x_wconf 88' lang='lat' dir='ltr'>motos-</span> 
     </span>
     <span class='ocr_line' id='line_1_31' title="bbox 179 2265 1613 2311; baseline -0.002 -8"><span class='ocrx_word' id='word_1_253' title='bbox 179 2268 391 2303; x_wconf 84' lang='lat' dir='ltr'>conflictum</span> <span class='ocrx_word' id='word_1_254' title='bbox 419 2268 521 2311; x_wconf 84' lang='lat' dir='ltr'>inire,</span> <span class='ocrx_word' id='word_1_255' title='bbox 559 2268 619 2302; x_wconf 88' lang='lat' dir='ltr'>sed</span> <span class='ocrx_word' id='word_1_256' title='bbox 661 2268 919 2303; x_wconf 88' lang='lat' dir='ltr'>tantummodo</span> <span class='ocrx_word' id='word_1_257' title='bbox 946 2268 1105 2303; x_wconf 82' lang='lat' dir='ltr'>veritatis</span> <span class='ocrx_word' id='word_1_258' title='bbox 1132 2276 1166 2303; x_wconf 91' lang='lat' dir='ltr'>et</span> <span class='ocrx_word' id='word_1_259' title='bbox 1197 2267 1355 2302; x_wconf 87' lang='lat' dir='ltr'>iustitiae</span> <span class='ocrx_word' id='word_1_260' title='bbox 1394 2277 1533 2310; x_wconf 85' lang='lat' dir='ltr'>amore,</span> <span class='ocrx_word' id='word_1_261' title='bbox 1560 2265 1613 2301; x_wconf 51' lang='lat' dir='ltr'>ad*</span> 
     </span>
     <span class='ocr_line' id='line_1_32' title="bbox 177 2326 1604 2374; baseline -0.002 -11"><span class='ocrx_word' id='word_1_262' title='bbox 177 2339 283 2364; x_wconf 89' lang='lat' dir='ltr'>suum</span> <span class='ocrx_word' id='word_1_263' title='bbox 311 2338 442 2373; x_wconf 84' lang='lat' dir='ltr'>nempe</span> <span class='ocrx_word' id='word_1_264' title='bbox 469 2328 524 2362; x_wconf 86' lang='lat' dir='ltr'>ius</span> <span class='ocrx_word' id='word_1_265' title='bbox 551 2326 861 2362; x_wconf 85' lang='lat' dir='ltr'>manifestandum</span> <span class='ocrx_word' id='word_1_266' title='bbox 889 2336 996 2374; x_wconf 89' lang='lat' dir='ltr'>atque</span> <span class='ocrx_word' id='word_1_267' title='bbox 1023 2326 1282 2362; x_wconf 88' lang='lat' dir='ltr'>stabiliendum</span> <span class='ocrx_word' id='word_1_268' title='bbox 1321 2326 1414 2362; x_wconf 90' lang='lat' dir='ltr'>Hinc</span> <span class='ocrx_word' id='word_1_269' title='bbox 1447 2326 1486 2362; x_wconf 87' lang='lat' dir='ltr'>in</span> <span class='ocrx_word' id='word_1_270' title='bbox 1523 2335 1604 2360; x_wconf 89' lang='lat' dir='ltr'>cer-</span> 
     </span>
     <span class='ocr_line' id='line_1_33' title="bbox 177 2383 1615 2429; baseline -0.003 -6"><span class='ocrx_word' id='word_1_271' title='bbox 177 2387 323 2423; x_wconf 87' lang='lat' dir='ltr'>taminis</span> <span class='ocrx_word' id='word_1_272' title='bbox 349 2385 470 2420; x_wconf 86' lang='lat' dir='ltr'>locum</span> <span class='ocrx_word' id='word_1_273' title='bbox 499 2385 775 2429; x_wconf 88' lang='lat' dir='ltr'>descendebant,</span> <span class='ocrx_word' id='word_1_274' title='bbox 803 2386 862 2420; x_wconf 87' lang='lat' dir='ltr'>ubi</span> <span class='ocrx_word' id='word_1_275' title='bbox 890 2386 1026 2421; x_wconf 87' lang='lat' dir='ltr'>iteratis</span> <span class='ocrx_word' id='word_1_276' title='bbox 1051 2386 1192 2421; x_wconf 88' lang='lat' dir='ltr'>vicibus</span> <span class='ocrx_word' id='word_1_277' title='bbox 1217 2397 1256 2421; x_wconf 92' lang='lat' dir='ltr'>se</span> <span class='ocrx_word' id='word_1_278' title='bbox 1281 2397 1318 2421; x_wconf 94' lang='lat' dir='ltr'>se</span> <span class='ocrx_word' id='word_1_279' title='bbox 1345 2392 1472 2420; x_wconf 89' lang='lat' dir='ltr'>mutuo</span> <span class='ocrx_word' id='word_1_280' title='bbox 1490 2383 1615 2419; x_wconf 52' lang='lat' dir='ltr'>redarw</span> 
     </span>
     <span class='ocr_line' id='line_1_34' title="bbox 177 2443 1603 2491; baseline 0.001 -15"><span class='ocrx_word' id='word_1_281' title='bbox 177 2443 335 2487; x_wconf 85' lang='lat' dir='ltr'>guebant</span> <span class='ocrx_word' id='word_1_282' title='bbox 352 2443 552 2487; x_wconf 81' lang='lat' dir='ltr'>mendacii,</span> <span class='ocrx_word' id='word_1_283' title='bbox 579 2455 619 2479; x_wconf 92' lang='lat' dir='ltr'>ac</span> <span class='ocrx_word' id='word_1_284' title='bbox 646 2444 806 2487; x_wconf 85' lang='lat' dir='ltr'>demum,</span> <span class='ocrx_word' id='word_1_285' title='bbox 835 2444 919 2479; x_wconf 90' lang='lat' dir='ltr'>dato</span> <span class='ocrx_word' id='word_1_286' title='bbox 946 2456 966 2478; x_wconf 89' lang='lat' dir='ltr'>a</span> <span class='ocrx_word' id='word_1_287' title='bbox 993 2455 1175 2491; x_wconf 84' lang='lat' dir='ltr'>praecone</span> <span class='ocrx_word' id='word_1_288' title='bbox 1202 2445 1325 2491; x_wconf 87' lang='lat' dir='ltr'>signo,</span> <span class='ocrx_word' id='word_1_289' title='bbox 1353 2452 1516 2490; x_wconf 87' lang='lat' dir='ltr'>pugnam</span> <span class='ocrx_word' id='word_1_290' title='bbox 1544 2443 1603 2478; x_wconf 84' lang='lat' dir='ltr'>in-</span> 
     </span>
     <span class='ocr_line' id='line_1_35' title="bbox 177 2502 1611 2550; baseline -0.001 -13"><span class='ocrx_word' id='word_1_291' title='bbox 177 2502 368 2538; x_wconf 81' lang='lat' dir='ltr'>choabant.</span> <span class='ocrx_word' id='word_1_292' title='bbox 406 2504 535 2538; x_wconf 89' lang='lat' dir='ltr'>Victor</span> <span class='ocrx_word' id='word_1_293' title='bbox 573 2504 724 2538; x_wconf 86' lang='lat' dir='ltr'>domurn</span> <span class='ocrx_word' id='word_1_294' title='bbox 764 2503 914 2539; x_wconf 87' lang='lat' dir='ltr'>festivos</span> <span class='ocrx_word' id='word_1_295' title='bbox 954 2504 1048 2539; x_wconf 86' lang='lat' dir='ltr'>inter</span> <span class='ocrx_word' id='word_1_296' title='bbox 1084 2503 1209 2550; x_wconf 87' lang='lat' dir='ltr'>populi</span> <span class='ocrx_word' id='word_1_297' title='bbox 1247 2503 1425 2538; x_wconf 86' lang='lat' dir='ltr'>clamores</span> <span class='ocrx_word' id='word_1_298' title='bbox 1450 2502 1611 2539; x_wconf 67' lang='lat' dir='ltr'>redibat:</span> 
     </span>
     <span class='ocr_line' id='line_1_36' title="bbox 177 2561 1572 2610; baseline 0.001 -14"><span class='ocrx_word' id='word_1_299' title='bbox 177 2562 291 2597; x_wconf 88' lang='lat' dir='ltr'>victus</span> <span class='ocrx_word' id='word_1_300' title='bbox 317 2561 466 2598; x_wconf 83' lang='lat' dir='ltr'>infamia</span> <span class='ocrx_word' id='word_1_301' title='bbox 492 2574 534 2597; x_wconf 85' lang='lat' dir='ltr'>ac</span> <span class='ocrx_word' id='word_1_302' title='bbox 559 2563 655 2597; x_wconf 82' lang='lat' dir='ltr'>varia</span> <span class='ocrx_word' id='word_1_303' title='bbox 683 2575 747 2610; x_wconf 86' lang='lat' dir='ltr'>pro</span> <span class='ocrx_word' id='word_1_304' title='bbox 774 2563 982 2598; x_wconf 86' lang='lat' dir='ltr'>diversitate</span> <span class='ocrx_word' id='word_1_305' title='bbox 1009 2573 1157 2598; x_wconf 88' lang='lat' dir='ltr'>casuum</span> <span class='ocrx_word' id='word_1_306' title='bbox 1183 2574 1302 2610; x_wconf 89' lang='lat' dir='ltr'>poena</span> <span class='ocrx_word' id='word_1_307' title='bbox 1329 2561 1572 2597; x_wconf 88' lang='lat' dir='ltr'>afficiebatur..</span> 
     </span>
    </p>
   </div>
  </div>
 </body>
</html>
