1737 2802
653 157 920 200 -131-

191 242 247 286 II.
280 242 343 285 Ex
377 242 468 285 voti
502 239 798 300 partitionibus
847 241 962 284 illam
1003 243 1307 286 tantummodo
1351 243 1496 302 paucis

77 314 452 370 commemorabo,
479 330 562 372 qua
583 326 735 358 votum
771 314 976 358 dividitur
1007 315 1051 357 in
1082 315 1312 359 absolutum
1346 328 1386 360 et
1408 331 1499 360 con-

75 386 284 443 ditionale,
317 399 447 444 prout
480 385 606 429 nullis
639 398 702 429 est
735 399 807 430 aut
840 385 1050 444 aliquibus
1085 399 1147 430 est
1181 388 1420 446 specialibus
1452 405 1501 432 ex

70 469 190 519 parte
212 461 341 518 ipsius
363 458 503 502 obiecti
524 473 592 502 sen>
615 462 810 501 materiae
834 459 895 515 (1)
918 458 1234 502 conditionibus
1268 459 1499 517 alligatum.

75 532 212 574 Porro
244 543 397 574 votum
432 529 720 573 conditionale
755 545 900 572 rursus
935 529 1220 574 subdividitur
1254 532 1295 572 in
1325 531 1494 590 poenale

75 616 117 648 et
147 601 440 660 non-poenale,
488 614 617 659 prout
663 600 822 659 aliquid
865 615 1046 645 vovetur
1086 602 1153 645 vel
1185 618 1274 646 non
1308 616 1490 647 vovetur

74 678 119 722 in
151 675 360 733 delicti,si
394 686 596 732 patretur,
631 689 827 731 poenam.
852 675 1018 718 Votum
1043 687 1186 718 autem
1212 675 1390 733 poenale
1413 675 1490 720 du-

75 749 173 808 plici
219 747 310 792 fieri
358 760 479 804 pacto
527 758 682 803 potest,
715 745 911 788 videlicet
942 745 1141 789 vovendo
1175 759 1269 790 tum
1303 763 1490 805 poenam

77 822 117 864 in
151 831 305 863 eventu
341 816 498 870 delicti,
548 828 642 859 tum
692 814 833 858 delicti
879 816 1153 859 evitationem
1195 818 1246 874 (e.
1283 833 1323 875 g.
1359 834 1500 863 voveo

74 888 206 936 vitare
238 888 548 946 blasphemiam
582 899 622 929 et
655 888 689 929 si
723 885 937 944 proferam
963 902 1100 930 voveo
1138 887 1266 931 talem
1290 891 1495 946 pecuniae

77 963 165 1006 vim
198 959 454 1019 pauperibus
486 958 662 1015 largiri),
693 957 758 1001 vel
791 959 991 1002 vovendo
1032 971 1198 1002 tantum
1233 976 1417 1017 poenam
1453 962 1495 1006 in

77 1046 230 1080 eventu
265 1032 404 1076 delicti
438 1030 496 1089 (e.
521 1045 560 1088 g.
589 1045 727 1072 voveo
762 1045 831 1073 me
864 1029 1065 1073 daturum
1098 1030 1433 1090 eleemosynam,
1466 1034 1500 1076 si

78 1104 386 1164 blasphemiam
434 1101 684 1160 proferam).
719 1103 767 1144 In
802 1103 942 1159 primo
978 1117 1074 1145 casu
1120 1102 1278 1161 duplex
1324 1103 1503 1148 habetur

77 1191 248 1232 votum,
296 1190 429 1217 unum
480 1172 723 1216 absolutum
774 1174 878 1229 (non
927 1173 1281 1233 blasphemandi),
1321 1175 1501 1218 alterurn

81 1247 424 1293 conditionatum
460 1244 604 1300 (dandi
627 1245 977 1303 eleemosynam),
1010 1245 1075 1288 vel
1113 1247 1257 1303 potius
1293 1261 1393 1290 sunt
1417 1246 1503 1291 duo

82 1333 179 1364 vota
212 1318 341 1362 simul
374 1330 414 1360 et
448 1332 522 1374 per
547 1315 729 1358 modum
764 1316 890 1358 unius
925 1315 1041 1359 facta:
1067 1317 1109 1359 in
1137 1318 1326 1360 secundo
1360 1329 1503 1361 autem

81 1407 178 1435 casu
212 1405 300 1433 non
335 1388 511 1431 habetur
543 1388 625 1430 nisi
659 1403 795 1430 unum
829 1400 981 1430 votum
1018 1387 1362 1433 conditionatum
1396 1389 1470 1447 (2).

202 1475 270 1519 32.
303 1462 686 1504 DEMONSTRATIO.
737 1460 852 1503 Haec
901 1474 1101 1518 quatuor,
1152 1474 1197 1504 ut
1239 1478 1290 1505 ex
1331 1462 1505 1506 theseos

81 1534 378 1579 enunciatione
413 1544 538 1590 patet,
587 1544 686 1573 sunt
720 1530 1068 1590 demonstranda,
1115 1533 1310 1577 videlicet
1348 1546 1502 1577 votum

82 1621 174 1650 esse
206 1630 263 1638 —
295 1605 391 1648 Deo
440 1601 731 1645 honorificum
772 1627 828 1636 —
860 1603 985 1646 nobis
1035 1604 1262 1662 expediens
1299 1632 1350 1637 —-
1386 1605 1506 1651 valde

83 1677 355 1721 meritorium
378 1700 435 1708 —
458 1687 581 1732 atqne
615 1673 666 1716 ad
700 1674 765 1715 sui
800 1673 1145 1718 observationem
1180 1675 1386 1734 obligare.

201 1748 234 1791 Ι.
270 1748 435 1790 Votum
486 1758 549 1788 est
598 1745 859 1797 honorificum
907 1746 1017 1790 Deo.
1056 1771 1112 1779 —
1147 1747 1316 1790 Etenim
1366 1749 1511 1792 omnia

84 1979 159 2003 non
186 1975 350 2013 acceptat
378 1966 492 2008 illam,
521 1975 556 2001 et
583 1974 848 2012 consequenter
875 1967 1068 2012 promissio
1096 1978 1169 2001 non
1198 1967 1304 2002 valet.
1332 1967 1401 2002 Sed
1420 1967 1512 2002 obli·

85 2027 161 2074 gari
187 2027 231 2062 ad
258 2026 501 2061 omittendum
530 2025 660 2060 melius
687 2035 834 2071 propter
860 2027 980 2059 minus
1008 2027 1156 2070 bonum,
1185 2038 1260 2061 non
1287 2034 1339 2061 est
1375 2037 1511 2062 conso-

85 2097 175 2121 num
201 2086 342 2120 divinae
369 2085 559 2128 voluntati,
587 2085 667 2132 quia
701 2085 867 2119 voluntas
894 2085 962 2119 Dei
1003 2095 1054 2120 est
1093 2085 1329 2121 sanctificatio
1372 2095 1510 2120 nostra:

87 2145 182 2181 unde
207 2154 380 2193 quantum
407 2154 460 2180 est
485 2156 528 2179 ex
553 2156 591 2180 se
616 2145 714 2190 cupit
754 2145 854 2179 Deus
883 2154 919 2178 ut
945 2144 1060 2179 homo
1086 2157 1230 2191 semper
1269 2143 1374 2180 faciat
1415 2144 1512 2192 quod

88 2204 217 2240 melius
243 2213 306 2240 est.
332 2206 427 2252 Ergo
454 2216 528 2239 non
556 2203 674 2250 placet
713 2203 776 2246 illi,
805 2213 842 2239 ut
871 2203 985 2238 homo
1012 2204 1142 2251 ligetur
1168 2203 1211 2238 ad
1243 2203 1449 2239 faciendum
1477 2203 1513 2238 id

90 2262 184 2311 quod
210 2273 263 2299 est
289 2264 408 2299 minus
434 2265 586 2305 bonum,
612 2264 693 2310 quia
720 2275 782 2309 per
809 2263 879 2298 hoc
907 2263 1067 2309 privatur
1094 2272 1272 2319 potest‘te
1304 2262 1433 2298 morali
1461 2262 1514 2297 fa-

89 2323 207 2358 ciendi
235 2322 332 2369 quod
358 2332 411 2358 est
437 2323 578 2358 melius.
597 2338 613 2354 ›-

185 2382 240 2428 (1)
266 2381 323 2417 Cf.
349 2383 492 2426 Suarez,
518 2383 562 2417 de
588 2392 674 2417 voto
703 2384 725 2418 i.
746 2383 771 2417 I.
791 2394 819 2417 c.
847 2394 913 2429 19.,
935 2383 1148 2428 praesertim
1176 2394 1274 2417 num.
1295 2383 1328 2418 8.
1348 2383 1439 2417 Item
1468 2383 1514 2416 cf.

91 2442 117 2478 1.
145 2442 206 2477 IV.
234 2453 264 2476 c.
297 2452 363 2486 17.,
388 2442 448 2477 ubi
475 2442 632 2477 ostendit
661 2457 679 2473 α
696 2452 808 2477 omne
835 2451 960 2477 votum
988 2441 1125 2489 aliquas
1159 2442 1349 2477 involvere
1390 2442 1516 2476 condi-

90 2502 210 2537 tiones
233 2501 414 2549 generales,
443 2512 517 2536 non
544 2511 666 2536 tamen
693 2511 881 2548 propterea
908 2513 1018 2536 omne
1058 2511 1184 2537 votum
1223 2501 1517 2538 conditionatum

91 2569 185 2595 esse.
205 2574 223 2592 »

190 2619 248 2665 (2)
276 2619 333 2655 Cf.
359 2619 502 2662 Suarez,
528 2619 572 2654 de
598 2628 688 2655 voto
715 2620 740 2654 l.
765 2620 790 2655 1.
817 2631 848 2655 c.
883 2631 934 2667 19.
961 2632 1062 2656 num.
1095 2631 1145 2665 ις.
