1737 2802
762 110 996 151 -40—

160 195 348 250 accipiat,
381 208 503 235 secus
535 209 581 236 ac
615 193 752 235 evenit
786 194 829 235 in
863 191 980 235 furto
1014 204 1053 235 et
1103 193 1261 250 rapina.
1314 192 1500 236 Iniuriae
1548 192 1593 236 in

162 264 284 306 bonis
318 263 452 307 famae
484 277 524 306 et
557 265 736 308 honoris
770 277 870 307 sunt
903 264 1114 320 detractio,
1144 265 1170 307 i.
1203 279 1239 307 e.
1273 264 1403 307 laesio
1437 264 1594 307 iniusta

164 335 297 377 [imae
332 350 405 377 seu
440 334 574 378 bonae
609 336 954 392 existimationis,
978 351 1106 393 quam
1141 333 1295 378 habent
1317 334 1516 378 homines
1539 333 1592 378 de

163 406 263 461 vita,
300 405 492 448 moribus
542 405 687 448 aliisve
736 404 906 448 dotibus
954 406 1161 449 alicuius:
1196 406 1454 462 contumelia,
1495 405 1521 449 i.
1555 420 1591 448 e.

163 475 293 519 lac-sio
329 477 484 520 iniusta
518 477 696 520 honoris
732 475 848 520 alteri
884 476 1044 520 debiti:
1080 477 1275 521 iudicium
1321 476 1594 530 temerarium,

165 551 189 592 i.
226 564 260 591 c.
295 548 416 590 firma
449 549 656 591 sententia
689 547 740 591 de
773 547 933 591 malitia
982 547 1166 605 alterius,
1214 546 1377 590 levibus
1424 560 1593 591 tantum

167 620 340 663 motivis
376 620 528 662 innixa.
562 620 748 662 Iniuriae
782 633 925 663 autem
960 621 1003 662 in
1036 619 1159 663 bonis
1192 620 1303 662 vitae
1326 634 1367 663 et
1401 621 1593 677 corporis

164 703 263 733 sunt
298 692 522 748 praecipue
556 693 711 744 occisio,
747 692 950 735 mutilatio
984 703 1024 734 et
1057 690 1297 734 verberatio.
1319 715 1376 724 —
1410 694 1470 735 2.⁰
1499 691 1595 734 Hae

169 777 299 818 porro
334 763 514 805 iniuriae
543 777 686 819 gra-ves
717 775 817 805 sunt
852 763 916 805 vel
951 763 1067 816 leves,
1101 775 1231 820 prout
1279 779 1329 806 ex
1362 763 1412 805 iis
1446 763 1597 820 proxi-

166 849 261 876 mus
297 849 423 891 grave
457 835 614 891 patitur
648 834 872 887 damnum,
922 834 988 877 vel
1035 846 1201 877 tantum
1249 832 1368 878 leve:
1401 834 1596 889 formales

168 918 268 947 sunt
302 904 367 948 vel
401 906 645 958 materiales,
681 920 810 963 prout
852 907 1033 949 scienter
1075 906 1142 949 vel
1183 906 1422 950 voluntarie
1468 905 1594 960 fiunt,

167 988 237 1018 aut
272 976 430 1034 absque
463 977 713 1034 cognitione
747 990 786 1020 et
819 993 1052 1021 consensu:
1086 976 1352 1021 voluntariae
1374 979 1416 1020 in
1439 992 1494 1030 se,
1528 977 1596 1021 vel

165 1048 430 1091 voluntariae
466 1049 505 1090 in
539 1049 637 1106 alio,
670 1048 737 1092 vel
771 1048 914 1091 solum
936 1050 1168 1107 permissae,
1191 1061 1320 1107 prout
1341 1047 1496 1092 directe
1518 1063 1595 1091 seu

165 1136 361 1177 expresse
396 1120 693 1178 intenduntur,
726 1121 792 1164 vel
840 1120 1123 1164 intenduntur
1174 1120 1382 1164 indirecte
1430 1134 1504 1164 seu
1553 1121 1596 1163 in

167 1207 305 1248 causa,
341 1192 406 1236 vel
439 1209 557 1236 mere
591 1194 914 1250 permittuntur.

287 1264 369 1308 Sed
404 1265 455 1308 de
489 1266 654 1308 iniuriis
690 1264 810 1323 plura
844 1266 932 1308 suis
955 1264 1062 1308 locis
1086 1264 1320 1318 trademus,
1344 1264 1593 1323 praesertim

168 1336 383 1384 deonere
415 1337 533 1395 quod
566 1336 776 1380 inducunt
800 1349 840 1380 et
873 1338 1107 1394 imponunt
1131 1337 1485 1393 redintegrationis
1516 1352 1593 1380 seu

167 1410 449 1453 restitutionis.
485 1408 664 1452 Duabus
697 1409 1003 1452 tantummodo
1049 1408 1372 1467 quaestionibus
1420 1408 1595 1453 brevem

170 1478 380 1523 addemus
419 1482 760 1538 responsionem.
798 1505 856 1513 —
889 1481 1053 1534 Quaeri
1081 1481 1214 1539 primo
1258 1493 1413 1538 potest,
1447 1493 1594 1524 utrum

171 1550 395 1605 iniustitia,
430 1565 762 1606 nocumentum,
810 1552 1036 1605 damnum,
1072 1551 1233 1595 offensa
1280 1554 1365 1595 sint
1413 1553 1595 1596 omnino

170 1621 285 1666 idem
319 1640 365 1667 ac
399 1625 563 1668 iniuria.
598 1624 930 1682 Respondemus
965 1624 1014 1683 α)
1048 1625 1294 1668 iniustitiam
1327 1636 1367 1668 et
1398 1625 1597 1668 iniuriam

173 1697 464 1739 communiter
498 1696 716 1741 confundi.
751 1697 803 1740 Et
851 1697 1020 1741 merito.
1056 1696 1447 1749 Quemadmodum
1480 1696 1596 1740 enim

170 1765 329 1809 iustitia
353 1779 415 1810 est
449 1766 700 1825 adaequatio
724 1768 827 1811 iuris
861 1767 1000 1824 alieni,
1032 1770 1088 1810 ita
1136 1768 1342 1810 iniustitia
1390 1780 1453 1810 est
1491 1767 1597 1810 iuris

171 1837 296 1881 alieni
317 1837 460 1882 laesio:
487 1838 561 1882 sed
585 1839 714 1883 laesio
748 1840 852 1883 iuris
876 1840 999 1882 alieni
1023 1839 1179 1896 dicitur
1203 1839 1370 1893 iniuria;
1393 1839 1599 1882 iniustitia

172 1924 278 1967 ergo
312 1922 351 1953 et
385 1911 538 1953 iniuria
570 1910 685 1954 idem
719 1926 811 1954 esse
859 1911 1070 1955 videntur.
1102 1910 1419 1963 Nihilominus,
1455 1909 1597 1968 plures

176 1980 331 2024 docent
366 1995 564 2025 auctores
597 1982 682 2041 (1),
706 1983 959 2026 iniustitiam
985 1983 1127 2040 potius
1151 1982 1283 2040 accipi
1307 1997 1387 2039 pro
1408 1981 1596 2026 laesione

173 2054 311 2097 activa
329 2053 452 2097 alieni
472 2055 592 2108 iuris,
612 2055 809 2098 iniuriam
828 2070 932 2098 vero
956 2055 1086 2112 accipi
1109 2070 1187 2112 pro
1210 2054 1397 2098 laesione
1411 2055 1594 2112 passiva.

273 2292 329 2335 (1)
356 2292 407 2326 lta
433 2291 594 2338 Struggl‚
624 2291 648 2326 l.
679 2291 738 2326 cit.
762 2303 794 2338 q.
821 2290 900 2324 VII.
920 2302 950 2326 a.
975 2300 1002 2326 1.
1027 2290 1162 2325 Eadem
1189 2289 1329 2325 scilicet
1354 2289 1476 2336 iniqua
1501 2289 1599 2325 actio

179 2352 215 2386 in
244 2352 370 2386 ordine
397 2352 439 2386 ad
468 2356 621 2397 agentem
648 2352 776 2386 dicitur
801 2350 993 2392 iniustitia,
1021 2351 1056 2384 in
1081 2350 1207 2386 ordine
1233 2350 1277 2385 ad
1298 2350 1484 2397 patientem
1510 2350 1602 2384 iniu-

177 2410 248 2443 ria:
278 2410 340 2445 sic.
368 2422 399 2445 e.
425 2421 460 2456 g.
480 2410 536 2444 fur
563 2410 691 2444 dicitur
718 2419 921 2456 perpetrare
948 2410 1023 2455 ipse
1042 2408 1251 2443 iniustitiam
1279 2417 1314 2444 et
1340 2406 1471 2444 inferre
1497 2407 1599 2444 alteri

176 2482 360 2506 inluriam.
