1737 2802
1582 17 1601 35 Κ

767 27 1032 70 —226—

185 125 326 170 cidere
365 136 428 168 est
475 123 658 167 omnino
707 121 919 180 illicitum,
966 119 1121 180 triplici
1169 120 1348 183 ratione.
1382 143 1439 154 —
1469 111 1611 166 Primi)

189 196 383 257 quidem,
416 195 515 253 quia
548 193 794 238 naturaliter
825 192 1035 253 quaelibet
1068 207 1134 236 res
1182 192 1366 250 seipsam
1413 202 1541 245 amat,
1571 202 1614 236 et

185 268 237 312 ad
272 267 354 310 hoc
387 267 584 325 pertinet,
617 265 734 325 quod
768 264 978 324 quaelibet
1011 281 1077 309 res
1110 263 1357 308 naturaliter
1390 275 1614 307 conservat

185 356 229 383 se
264 340 306 382 in
341 354 433 382 esse
476 351 518 382 et
551 337 928 396 corrumpentibus
977 337 1152 392 resistit,
1197 347 1408 395 quantum
1456 346 1611 394 potest.

185 411 238 454 Et
271 409 385 463 ideo,
419 409 538 468 quod
571 409 724 468 aliquis
759 410 951 468 seipsum
985 407 1165 462 occidat,
1201 421 1264 452 est
1297 420 1444 452 contra
1492 406 1614 451 incli-

185 483 403 526 nationem
430 481 666 525 naturalem
691 494 731 524 et
754 493 902 524 contra
924 481 1158 534 caritatem,
1181 494 1265 538 qua
1287 477 1466 537 quilibet
1488 477 1614 523 debet

186 555 377 612 seipsum
412 553 603 612 diligere.
639 554 690 597 Et
723 552 822 596 ideo
872 553 1077 610 suiipsius
1121 551 1284 595 occisio
1333 566 1504 608 semper
1548 562 1613 594 est

185 638 408 684 peccatum
456 623 651 681 mortale,
698 637 845 682 utpote
895 637 1043 667 contra
1091 622 1329 666 naturalem
1376 622 1520 680 legem
1571 634 1612 665 et

187 711 335 741 contra
369 699 584 741 caritatem
620 698 820 740 existens,
844 722 900 729 —
927 695 1121 748 Secundo,
1145 696 1243 754 quia
1277 693 1490 753 quaelibet
1516 707 1612 752 pars

185 769 228 813 id
263 770 381 829 quod
413 783 492 825 est,
527 783 590 814 est
623 770 770 814 totius.
808 768 1004 823 Quilibet
1037 781 1180 812 autem
1225 767 1361 812 homo
1405 779 1469 811 est
1517 780 1613 825 pars

186 843 524 897 communitatis;
550 855 590 885 et
624 843 680 884 ita
713 841 754 884 id
778 841 896 899 quod
929 854 1010 894 est,
1036 853 1099 884 est
1123 839 1462 884 communitatis,
1486 836 1614 882 Unde

187 913 229 955 in
265 913 362 965 hoc,
397 914 515 972 quod
549 915 739 971 seipsum
776 912 988 970 interficit,
1021 913 1218 956 iniuriam
1269 911 1365 955 facit
1408 927 1615 955 commu-

185 986 321 1043 nitati,
355 998 401 1028 ut
436 998 549 1044 patet
583 1002 657 1043 per
690 985 1009 1043 Philosophum
1034 984 1114 1044 (Ι).
1139 1012 1196 1017 ——
1228 983 1375 1039 Tertio,
1399 986 1499 1044 qirra
1529 987 1614 1031 vita

185 1073 248 1104 est
280 1057 499 1117 quoddam
535 1058 701 1102 donum
736 1057 940 1101 divinitus
965 1057 1132 1101 homini
1168 1057 1436 1116 attributum,
1459 1070 1500 1102 et
1521 1059 1613 1102 eius

183 1131 384 1190 potestati
420 1130 677 1188 subiectum,
711 1131 784 1188 qui
818 1130 1014 1174 occidere
1048 1143 1089 1174 et
1120 1132 1263 1174 vivere
1295 1130 1406 1175 facit.
1441 1131 1493 1176 Et
1514 1131 1613 1176 ideo

183 1205 258 1263 qui
292 1205 483 1260 seipsum
517 1204 599 1246 vita
634 1203 786 1260 privat,
821 1203 863 1245 in
896 1204 1039 1246 Deum
1075 1215 1235 1261 peccat;
1263 1204 1374 1246 sicut
1406 1203 1479 1262 qui
1513 1203 1613 1247 alie-

182 1292 288 1319 num
324 1291 497 1318 servum
531 1274 745 1332 interficit,
772 1287 916 1333 peccat
940 1276 982 1317 in
1016 1274 1262 1332 dominum,
1286 1276 1406 1320 cuius
1441 1288 1505 1320 est
1527 1292 1613 1322 ser-

181 1364 280 1400 vus,
306 1349 416 1391 sicut
440 1360 583 1405 peccat
616 1346 696 1401 ille,
721 1348 794 1405 qui
828 1359 1005 1405 usurpat
1030 1346 1109 1390 sibi
1145 1346 1354 1391 iudicium
1379 1347 1430 1392 de
1465 1364 1509 1392 re
1533 1349 1612 1393 sibi

182 1435 272 1462 non
306 1419 552 1462 commissa.
586 1418 653 1462 Ad
687 1418 830 1462 solum
866 1420 981 1462 enim
1005 1419 1151 1462 Deum
1185 1419 1368 1476 pertinet
1403 1418 1613 1464 iudicium

185 1491 339 1534 mortis
374 1502 415 1533 et
446 1491 570 1544 vitae,
605 1490 844 1534 secundum
889 1489 992 1533 illud
1041 1491 1380 1535 Deuteronomii
1413 1490 1497 1551 (2),
1526 1493 1612 1550 Ego

183 1564 361 1606 occidam
392 1569 429 1606 et
462 1578 526 1619 eg)
562 1566 698 1606 vivere
723 1563 936 1620 faciam.»
978 1564 1199 1607 Hactenus
1234 1580 1267 1607 s.
1302 1564 1502 1608 Thomas
1535 1565 1612 1623 (3).

183 1794 250 1828 cat,
277 1794 401 1819 contra
429 1796 536 1831 quam
563 1785 729 1820 virtulem
757 1786 801 1820 sit
830 1786 974 1831 proprie
1000 1786 1068 1822 hoc
1096 1795 1286 1832 peccatum
1315 1785 1506 1821 occidendi
1547 1785 1615 1821 sei-

186 1855 304 1889 psum:
335 1853 369 1878 et
397 1844 458 1887 ait,
489 1860 505 1874 «
526 1856 603 1879 esse
637 1854 763 1879 contra
795 1846 963 1880 virtutem
993 1846 1155 1889 iustitiae,
1183 1856 1359 1893 quatenus
1398 1846 1512 1881 homo
1553 1845 1612 1880 di·

184 1903 305 1948 sponit
335 1903 378 1938 de
405 1915 441 1938 re
468 1916 541 1939 non
569 1915 646 1947 sua,
674 1905 765 1940 sicut
793 1905 821 1939 si
850 1914 942 1940 esset
972 1905 1154 1948 dominus,
1182 1911 1218 1941 et
1243 1906 1314 1941 hoc
1341 1906 1475 1953 absque
1501 1904 1612 1940 facul-

181 1970 254 1997 tate
280 1972 314 1997 et
340 1975 519 1998 consensu
548 1964 699 2005 domini,
727 1966 784 2012 qui
811 1975 863 2000 est
890 1964 989 2000 solus
1017 1967 1128 2001 Deus,
1148 1981 1165 1996 »

278 2030 327 2074 (Ι)
354 2029 468 2064 Ethic.
496 2029 558 2064 lib.
588 2031 632 2065 V.
661 2041 735 2076 cap.
767 2041 820 2066 11.

281 2089 335 2132 (2)
362 2089 453 2136 Cap.
483 2090 634 2125 XXXII.
666 2101 717 2136 39.

278 2148 333 2192 (3)
362 2149 418 2183 Ad
439 2160 514 2183 rem
534 2150 642 2184 etiam
664 2149 748 2184 facit
769 2159 876 2184 notus
897 2150 956 2184 ille
975 2150 1140 2186 Platonis
1167 2152 1281 2194 locus,
1299 2150 1439 2187 Phaed.
1467 2162 1545 2198 cap.
1564 2149 1610 2186 6.:

185 2219 204 2238 «
224 2206 261 2240 Id
289 2208 394 2249 mihi,
423 2220 444 2243 o
486 2209 613 2251 Cebes,
641 2218 735 2244 recte
773 2209 841 2243 dici
868 2210 1019 2253 videtur,
1051 2211 1140 2245 deos
1168 2222 1291 2246 curam
1329 2211 1461 2246 habere
1498 2211 1615 2246 nostri

183 2276 217 2301 et
245 2278 312 2301 nos
339 2267 510 2302 homines
538 2280 647 2302 unani
668 2270 860 2315 quamdam
889 2281 931 2304 ex
950 2271 1241 2316 possessionibus
1260 2282 1339 2306 esse
1366 2269 1531 2306 deorum':
1551 2276 1613 2305 aut

184 2336 258 2360 non
285 2326 331 2360 ita
357 2326 421 2361 tibi
451 2326 615 2362 videtur?
645 2328 732 2362 Mihi
761 2328 922 2374 quidem,
951 2329 1068 2376 inquit
1095 2330 1223 2364 Cebes.
1249 2329 1383 2364 Nonne
1409 2329 1529 2376 igitur,
1554 2329 1614 2364 in-

185 2384 271 2430 quit,
299 2393 332 2418 et
359 2394 408 2427 tu,
437 2386 463 2419 si
492 2386 586 2432 quod
615 2398 657 2420 ex
684 2387 880 2433 mancipiis
907 2388 978 2422 tuis
1006 2400 1043 2423 se
1071 2375 1188 2435 ipsum
1230 2389 1434 2435 perimeret,
1459 2400 1542 2424 cum
1577 2397 1616 2424 tu

184 2444 336 2478 minime
363 2445 602 2492 significasses
629 2446 723 2481 velle
750 2456 784 2482 te
811 2457 850 2482 ut
878 2459 895 2481 e
924 2449 995 2483 vita
1023 2448 1223 2491 excederet,
1250 2449 1451 2484 irascereris
1487 2447 1553 2492 illi,
1579 2452 1616 2483 et

183 2504 214 2537 si
253 2513 470 2549 potestatem
509 2505 671 2549 haberes,
702 2518 820 2552 poena
860 2507 1015 2554 quadam
1054 2509 1242 2545 afficeres?
1279 2508 1445 2546 Omnino
1481 2509 1612 2557 inquit:

1583 90 1586 94 Δ
1723 86 1732 97 ‘a
