1737 2802
685 124 956 178 ...257-

102 216 281 260 tandum
304 231 397 259 esse
420 227 634 259 certamen
658 215 875 273 singulare
900 216 1010 260 inter
1043 215 1253 260 laesorem
1277 228 1317 259 et
1350 216 1530 275 laesum,

102 288 145 330 in
188 303 276 345 quo
309 287 558 345 praesertim
594 298 774 344 uterque
820 288 1106 330 constituatur
1149 287 1190 330 in
1239 287 1330 344 pari
1379 287 1534 331 condi-

102 359 237 416 tione3
270 374 367 402 curn
403 359 519 401 enim
551 358 641 402 fieri
676 361 829 417 possit,
852 372 899 402 ut
931 375 1028 402 reus
1068 358 1216 403 evadat
1250 360 1457 402 innoxius
1493 372 1534 403 et

102 429 349 486 incolumis,
382 429 520 473 laesus
554 445 655 473 vero
689 430 914 474 occumbat
964 442 1164 474 mortuus
1212 430 1278 474 vel
1323 432 1530 474 semiani-

109 502 207 558 mis,
240 499 349 544 foret
385 500 452 543 hic
487 500 646 544 modus
679 501 832 558 agendi
869 502 1050 545 omnino
1100 502 1285 545 insanus.
1333 502 1531 545 Iamvero

109 571 211 616 haec
244 584 382 615 rectae
416 573 592 615 rationis
627 571 857 615 dictamina
890 588 976 615 non
1011 584 1234 615 servantur
1267 574 1308 614 in
1344 571 1502 615 duello.

224 644 477 701 Spectemus
511 644 679 687 secundo
714 642 920 692 duellum,
957 642 1074 700 quod
1109 645 1274 687 ineatur
1317 644 1372 687 ad
1419 659 1535 687 recu-

97 715 330 774 perandum
365 715 553 758 honorem
577 714 627 758 ab
650 715 890 759 adversario
924 715 1108 759 ablatum
1128 724 1201 774 per
1223 716 1530 770 contumeliam,

104 787 356 831 calumniam
389 794 457 829 etc.
494 811 548 819 —
582 791 624 834 α)
659 788 787 831 Recta
821 789 928 830 ratio
978 803 1065 831 non
1098 799 1210 830 vetat
1256 803 1381 830 usum
1434 803 1530 830 me-

105 857 276 901 diorum
313 856 364 899 ad
398 857 741 914 recuperandum
775 858 1003 913 honorem,
1037 858 1113 901 sed
1145 870 1258 901 vetat
1307 857 1390 901 hoc
1434 874 1530 901 me-

102 929 221 972 dium
247 926 494 971 recurrendi
517 926 568 970 ad
593 943 723 985 arma,
748 942 897 986 utpote
916 929 966 973 ad
986 929 1111 972 talem
1136 945 1318 987 scopum
1348 930 1528 972 omnino

102 1001 296 1058 ineptum.
331 999 483 1056 Neque
507 999 622 1041 enim
649 1000 707 1042 rei
732 1001 869 1042 exitus
895 1000 1098 1057 ostendit,
1118 999 1412 1043 adversarium
1436 1016 1529 1043 esse

103 1072 353 1122 mentitum,
389 1083 515 1128 teque
549 1086 641 1114 esse
691 1072 830 1114 virum
882 1073 1228 1129 integerrimum,
1262 1071 1337 1114 sed
1387 1071 1530 1114 solum

106 1142 293 1186 ostendit
331 1154 370 1185 te
405 1158 497 1185 esse
532 1141 752 1194 audacem,
787 1155 828 1185 te
863 1142 1021 1200 pollere
1055 1142 1307 1186 dexteritate
1356 1143 1398 1184 in
1452 1158 1530 1184 usu

102 1229 336 1263 armorum,
370 1214 515 1270 magni
550 1212 686 1256 facere
731 1214 1096 1256 existimationem
1149 1214 1261 1271 apud
1313 1213 1529 1270 homines,

104 1284 267 1343 aliaque
300 1284 567 1339 huiusmodi,
603 1301 709 1343 quae
745 1287 890 1328 omnia
925 1287 965 1328 in
1001 1286 1190 1330 scelestis
1239 1301 1413 1344 quoque
1463 1286 1543 1327 in--

101 1357 346 1410 veniuntur,
381 1369 420 1399 et
454 1358 496 1399 in
532 1356 596 1399 his
630 1356 896 1415 frequentius
931 1358 1058 1400 etiam
1095 1372 1222 1415 quam
1258 1357 1301 1399 in
1335 1355 1438 1399 aliis.
1475 1381 1530 1389 —

100 1428 156 1470 At
186 1425 234 1486 β)
270 1442 568 1485 supponamus
606 1427 798 1471 medium
847 1444 938 1471 esse
988 1427 1195 1471 idoneum
1246 1427 1296 1471 ad
1353 1442 1533 1484 recupe-

101 1497 282 1541 randum
317 1498 545 1543 honorem:
569 1512 632 1542 est
666 1512 778 1542 certe
804 1499 995 1542 medium
1032 1513 1118 1543 non
1158 1499 1531 1557 proportionatmn.

99 1569 215 1613 Nam
251 1570 441 1614 duellum
481 1584 544 1614 est
592 1586 806 1628 exponere
856 1571 1139 1628 semetipsum
1187 1582 1229 1613 et
1277 1569 1525 1626 proximum

103 1639 294 1701 periculo
319 1641 490 1695 mortis,
515 1642 824 1700 propriamque
848 1640 1049 1684 familiam
1077 1640 1245 1685 damnis
1274 1641 1528 1683 innumeris:

104 1729 203 1757 cum
237 1711 321 1756 hoc
354 1724 498 1756 autem
535 1713 750 1756 malorum
786 1712 961 1756 cumulo
996 1727 1084 1755 non
1118 1711 1242 1755 habet
1279 1712 1530 1770 proportio-

101 1801 201 1828 nem
235 1783 399 1828 bonum
436 1786 568 1828 situm
603 1785 644 1828 in
678 1785 1006 1842 recuperatione
1055 1784 1250 1841 honoris,
1284 1783 1401 1842 quod
1445 1783 1528 1827 bo-

99 1871 207 1901 num
239 1868 302 1899 est
333 1857 624 1900 extrinsecum
656 1855 740 1915 (1),
762 1855 884 1899 valde
909 1856 1158 1899 inconstans
1183 1868 1223 1898 et
1246 1855 1384 1912 labile,
1407 1855 1527 1899 cuius

100 1928 259 1971 iactura
307 1927 372 1971 vel
406 1926 520 1970 nulla
567 1926 671 1971 facta
709 1940 786 1984 est,
818 1926 884 1970 vel
919 1925 1026 1970 facta
1074 1940 1137 1970 est
1190 1927 1302 1985 apud
1351 1943 1526 1985 paucOS,

99 2014 261 2058 eosque
293 1999 545 2057 insipientes
579 2012 620 2043 et
652 2000 836 2058 iniquos.
871 2024 929 2033 —
961 1998 1117 2042 Adhuc
1150 2006 1190 2058 γ)
1225 2015 1523 2058 supponamus

100 2068 295 2112 medium
328 2084 420 2113 esse
455 2068 662 2113 idoneum
697 2082 738 2113 et
772 2070 1168 2127 proportionatum:
1203 2085 1291 2113 non
1325 2083 1388 2114 est
1433 2087 1531 2114 me-

196 2284 247 2332 (1)
272 2285 468 2333 Distingue
493 2287 649 2333 gloriam
677 2290 734 2324 vel
761 2289 941 2324 honorem
971 2289 1176 2324 radicaliter
1200 2300 1256 2324 seu
1282 2288 1530 2335 fundamenta-

98 2344 181 2379 liter
204 2354 406 2391 sumptum,
433 2355 466 2381 et
494 2346 674 2382 honorem
696 2349 897 2393 jormalitcr
922 2358 1125 2394 acceptum.
1147 2348 1250 2382 Prior
1268 2357 1319 2384 est
1347 2357 1530 2394 praestan-

98 2403 168 2438 tior
194 2403 282 2447 vita‚
320 2404 382 2439 sed
409 2403 505 2439 illius
544 2406 774 2451 dispendium
803 2407 905 2441 inviti
943 2407 1060 2441 subire
1088 2418 1162 2441 non
1195 2417 1402 2453 possumus:
1441 2407 1527 2442 situs

97 2462 197 2497 enim
223 2472 277 2498 est
304 2463 340 2497 in
379 2465 477 2498 bono
506 2465 701 2500 intrinseco
739 2466 891 2507 virtutis,
922 2467 968 2500 ob
1009 2478 1115 2513 quam
1145 2465 1266 2500 honor
1303 2466 1526 2500 extrinsecus

98 2531 151 2558 est
177 2522 319 2557 homini
344 2523 508 2559 virtuoso
535 2524 756 2560 tribuendus.
787 2525 887 2560 Alter
913 2537 987 2560 non
1016 2535 1067 2561 est
1093 2526 1167 2560 vita
1192 2526 1446 2571 praestantior:
1464 2536 1541 2559 tie--

100 2593 168 2629 que
194 2583 290 2617 enim
317 2592 369 2619 est
396 2583 644 2627 intrinsecum,
671 2584 733 2618 sed
761 2584 1003 2618 extrinsecum
1036 2584 1196 2619 hominis
1225 2584 1347 2620 decus.
