1737 2802
47 145 54 149 ,
31 129 59 134 ;
11 0 67 118 1⁹:5³5

69 157 73 160 ’
60 95 70 102 ⁴
56 0 91 77 :5535ae

144 0 173 41 ἢ..

616 129 848 159 -ΖῙ-

201 213 280 272 3.⁰)
312 213 356 258 Si
379 213 444 256 ius
475 212 601 256 tertio
629 227 756 255 sensu
781 223 1030 268 usurpetur,
1052 225 1210 268 nempe
1235 225 1313 267 pro
1330 217 1441 268 pote-

16 294 122 331 state
155 286 347 343 legitima,
387 296 544 340 «tunc,
577 295 624 326 ut
657 280 772 326 idem
806 282 983 340 explicat
1016 293 1165 324 auctor
1187 282 1261 337 (1),
1280 281 1346 323 ius
1380 286 1442 324 est

18 357 180 414 titulus,
212 372 341 415 quem
364 355 525 398 iustitia
546 355 716 412 respicit
740 370 790 397 ex
814 366 929 411 parte
962 353 1166 411 proximi.
1189 366 1234 395 ut
1269 365 1444 410 propter

0 429 145 492 {illum
177 428 352 471 titulum
385 423 487 470 velit
517 425 703 469 tribuere
736 426 801 468 ius
835 426 984 482 ipsius,
1012 425 1124 467 sicut
1147 423 1444 467 misericordia

21 500 195 558 respicit
228 499 415 557 proximi
449 497 729 554 indigentiam
764 510 804 540 et
837 498 944 540 sicut
993 496 1105 540 dulia
1152 495 1442 539 excellentiam

21 570 198 613 alienam
232 581 355 612 etc.»
395 593 452 600 —
484 568 605 614 Duae
639 567 714 610 hae
748 565 1103 623 significationes,
1149 565 1276 609 altera
1308 566 1441 607 nimi-

20 656 118 684 rum
152 655 198 683 ac
229 640 364 693 tertia,
398 651 497 681 sunt
541 637 834 681 correlativae:
885 637 982 680 hinc
1020 653 1147 694 penes
1187 636 1349 680 multos
1371 636 1443 695 (2)

24 700 186 755 nornen
221 710 443 754 obtinuere
476 711 578 752 iuris
606 711 767 767 passivi
798 725 872 752 seu
909 708 1093 762 olgiectivi
1125 721 1164 751 et
1193 709 1296 751 iuris
1319 710 1445 752 activi

21 799 99 827 seu
123 783 334 841 formalis,
369 781 502 839 priori
535 779 819 838 appellatione
866 778 1148 836 significando
1197 778 1315 836 quod
1363 779 1442 822 de-

21 854 161 910 betur,
196 854 425 911 posteriori
459 864 600 894 autem
636 853 846 894 rationem
877 867 951 894 seu
986 850 1162 893 titulum
1206 849 1335 892 debiti
1368 865 1443 892 seu

20 925 272 982 exigentiae.

143 1010 182 1052 7.
216 997 470 1040 SCHOLION.
504 996 682 1052 Egimus
717 994 767 1037 de
791 994 1040 1051 potissimis
1076 994 1178 1035 iuris
1227 991 1445 1049 acceptio-

21 1066 160 1111 nibus:
195 1067 243 1110 ab
277 1066 342 1110 his
375 1080 518 1110 autem
553 1066 657 1109 aliae
691 1066 832 1124 plures
868 1064 1097 1107 dimanant.

142 1138 328 1189 Etenim,
354 1149 398 1180 ut
423 1154 456 1180 s.
481 1136 680 1180 Thomas
706 1137 762 1178 ait
784 1135 865 1193 (3),
893 1153 915 1174 «
940 1147 1198 1178 consuetum
1222 1146 1302 1186 est,
1328 1131 1445 1191 quod

21 1209 200 1251 nomina
234 1224 255 1251 a
287 1209 354 1251 sui
388 1209 527 1266 prima
558 1208 839 1265 impositione
889 1205 1224 1263 detorqueantur
1271 1204 1322 1247 ad
1369 1203 1447 1247 alia

24 1278 313 1336 significanda.
349 1305 401 1311 —
438 1279 557 1323 Sicut
603 1293 763 1321 nomen
815 1277 1033 1320 medicinae
1080 1277 1335 1334 impositum
1384 1286 1447 1318 est

26 1351 169 1408 primo
202 1350 253 1394 ad
286 1349 614 1407 significandum
650 1349 907 1402 remedium,
944 1348 1062 1405 quod
1099 1361 1332 1405 praestatur
1379 1347 1445 1390 in-

20 1419 150 1464 firmo
184 1420 235 1465 ad
267 1421 519 1474 sanandum,
556 1420 707 1464 deinde
738 1433 922 1463 tractum
958 1419 1094 1462 estad
1118 1417 1444 1476 significandam

22 1505 171 1550 artem,
205 1509 286 1551 qua
319 1494 402 1537 hoc
433 1493 494 1550 fit3
528 1495 582 1536 ita
616 1494 742 1536 etiam
777 1493 859 1536 hoc
891 1508 1053 1535 nomen
1089 1493 1149 1534 ins
1183 1492 1324 1549 primo
1358 1491 1445 1533 im-

22 1565 217 1621 positum
250 1579 312 1610 est
345 1566 397 1610 ad
420 1565 740 1623 significandam
765 1566 903 1623 ipsam
928 1580 1021 1608 rem
1045 1565 1222 1617 iustam,
1247 1575 1444 1621 postmo-

120 1812 174 1856 (1)
201 1811 291 1846 Ibid.
319 1810 374 1846 Cf.
404 1809 517 1855 Gur-v,
542 1809 584 1844 de
627 1810 705 1844 iusr.
742 1817 776 1843 et
812 1809 886 1842 iure
930 1817 993 1842 art.
1031 1817 1089 1841 2.:
1127 1805 1324 1840 «Nomine
1361 1805 1446 1839 iuris

21 1881 142 1917 presse
168 1870 314 1915 sumpti,
341 1878 374 1904 et
403 1869 497 1916 quod
525 1868 569 1902 ad
595 1879 762 1913 praesens
789 1867 928 1908 attinet,
955 1865 1169 1912 {ntewgitur
1195 1863 1252 1897 vel
1279 1865 1326 1899 id.
1347 1862 1444 1909 quod

23 1930 125 1966 alteri
150 1931 311 1971 debetur,
340 1930 527 1974 iustumque
553 1928 624 1962 dici
650 1927 745 1961 solet
772 1935 831 1960 aut
861 1925 1008 1972 aequale,
1035 1933 1068 1960 et
1096 1925 1144 1959 s3c
1172 1933 1224 1958 est
1262 1923 1443 1964 obiectum,

22 1990 120 2038 quod
147 1988 280 2024 iustitia
306 1988 468 2028 intendit,
495 1987 663 2033 quodque
691 1997 764 2032 ,psa
792 1986 918 2031 cuique
942 1985 1077 2018 tribuit:
1106 1983 1161 2017 vel
1179 1983 1352 2027 accipitur
1378 1992 1444 2027 pro

25 2049 133 2091 titulo,
158 2060 265 2095 quern
292 2048 423 2082 iustitia
450 2047 590 2092 respicz't
618 2058 661 2080 ex
687 2054 785 2091 parte
827 2044 972 2078 alterius
994 2071 1002 2084 ‚
1047 2054 1109 2078 seu
1148 2051 1295 2088 propter
1337 2051 1445 2087 quem

23 2107 99 2143 vult
124 2119 228 2142 suum
256 2109 382 2154 cuique
408 2107 573 2148 tr3buere,
601 2115 634 2139 et
661 2106 711 2139 sic
739 2114 790 2138 est
812 2109 958 2151 potestas
984 2102 1027 2136 ad
1052 2101 1181 2149 aliquid
1206 2101 1445 2136 obtinendum

24 2176 86 2202 aut
111 2165 369 2213 possidendum
388 2180 420 2200 ».

119 2226 177 2270 (2)
207 2225 263 2261 Cf.
291 2225 402 2272 Gury,
430 2224 451 2260 l.
479 2236 574 2259 nunc
601 2223 661 2258 cit.
689 2223 743 2258 Cf.
771 2224 878 2258 etiam
922 2222 1024 2258 Card.
1053 2220 1213 2267 Zigliara.
1241 2220 1324 2266 phil.
1352 2230 1443 2254 mor.

27 2294 115 2332 part.
144 2285 185 2320 II.
213 2286 255 2319 ab
285 2285 371 2320 inita
401 2299 418 2316 <c
437 2284 549 2326 Quod
576 2293 629 2318 est
656 2283 755 2318 alter3
786 2283 959 2325 debitum,
986 2291 1038 2316 est
1066 2283 1119 2315 ius
1150 2281 1308 2315 obiectiw
1345 2290 1444 2313 surn-

24 2353 146 2391 ptum.
167 2343 267 2378 N²hil
293 2354 413 2379 autem
441 2344 547 2378 al³cui
575 2342 734 2385 debetur,
753 2342 1110 2388 n²ssspraesuppos³ta
1129 2341 1165 2374 in
1185 2340 1255 2374 alio
1274 2338 1445 2374 facultate

25 2403 113 2438 illud
138 2403 338 2450 repetenffi:
367 2403 454 2438 haec
481 2402 632 2438 facultas
658 2402 823 2444 moralis,
843 2403 942 2436 cuius
961 2401 1110 2435 violatio
1139 2399 1443 2435 constituit-iniu-

24 2461 127 2504 riam,
153 2472 329 2507 personae
356 2470 569 2508 competens
595 2461 638 2495 ad
666 2460 798 2507 ahquid
827 2461 915 2495 iuste
941 2459 1149 2494 habendum
1168 2458 1225 2493 vel
1244 2457 1440 2504 agendum,

23 2529 78 2557 est
103 2521 157 2556 ius
181 2521 360 2556 subiectare
384 2530 571 2566 acceptum
591 2535 624 2555 ».

117 2580 176 2626 (3)
202 2581 243 2615 In
271 2590 302 2614 2.
329 2591 362 2616 2.
393 2592 425 2626 q.
454 2589 508 2625 57.
537 2591 568 2614 a.
592 2591 619 2614 1.
646 2579 690 2613 ad
713 2585 762 2613 1¹¹¹.
