1737 2802
802 141 1035 183 -92-

197 222 255 263 sit
290 221 579 263 restrictionis
615 219 743 264 huius
777 222 914 265 ratio?
963 223 1079 276 Quia
1111 223 1272 268 scilicet
1321 225 1519 269 naturalis
1555 225 1627 272 lex

197 293 286 335 vult
320 307 466 348 pacem
503 290 548 334 ac
582 293 851 336 securitatem
887 309 980 337 esse
1012 295 1120 338 inter
1154 295 1369 352 homines,
1403 309 1444 340 et
1467 312 1624 342 conse—

196 377 376 422 quenter
410 380 456 406 ea
490 364 703 421 prohibet,
737 381 845 423 quae
881 365 1117 409 illiusmodi
1170 368 1259 424 paci
1313 383 1359 411 ac
1407 369 1625 412 securitati

197 448 490 493 opponuntur.
527 437 658 494 Atqui
692 449 833 479 actum
873 449 982 480 esset
1016 438 1067 480 de
1101 454 1200 495 pace
1234 451 1273 482 et
1305 440 1530 482 securitate
1563 440 1626 482 in-

193 520 257 549 ter
290 506 503 561 homines,
538 509 570 549 si
607 509 792 565 privatus
828 509 1010 566 quisque
1048 521 1195 566 posset
1229 525 1304 567 per
1332 511 1527 568 seipsum
1550 526 1626 553 ex·-

195 593 337 621 ercere
386 592 530 620 contra
574 580 781 622 laesorem
814 581 903 622 vim
938 580 1199 623 miterialem
1252 581 1304 624 ad
1348 580 1625 625 obtinendam

192 651 374 694 iniuriae
409 651 543 694 illatae
580 653 908 709 reparationem:
928 665 1029 695 tunc
1061 655 1177 696 enim
1204 679 1249 686 —-
1271 654 1396 697 multi
1426 670 1502 712 per
1535 655 1625 698 vim

195 724 418 780 exigerent
454 725 853 781 compensationem
881 725 1147 779 iniuriarum,
1175 742 1281 783 quae
1315 741 1401 769 non
1437 738 1538 770 sunt
1558 741 1625 770 ve-

193 809 279 852 rae,
312 794 384 837 sed
419 795 724 838 tantummodo
757 796 1013 839 existimatae
1046 822 1104 830 —
1137 796 1203 839 alii
1239 797 1326 839 vim
1361 796 1547 841 facerent
1580 799 1624 841 in

195 881 285 919 eOS,
320 867 391 923 qui
427 882 515 909 non
549 880 647 910 sunt
678 868 770 910 veri
791 868 983 915 ‚iniuriae
1018 868 1152 911 illatae
1185 882 1460 912 auctores—
1483 869 1624 927 plures

195 937 601 993 compensationem
635 939 854 995 exigerent
889 939 1098 982 maiorem
1133 939 1307 997 damno,
1348 939 1466 998 quod
1489 941 1627 998 reipsa

195 1008 363 1052 illatum
398 1024 460 1052 est
494 1036 549 1044 —-
584 1011 755 1068 plurimi
789 1011 877 1053 vim
911 1025 1156 1054 exercerent
1181 1012 1395 1055 maiorem
1418 1011 1499 1066 illa,
1518 1027 1626 1070 quae

193 1083 428 1124 necessaria
461 1096 539 1134 est,
576 1083 640 1126 vel
675 1083 803 1126 etiam
839 1083 1009 1141 quando
1044 1099 1130 1127 non
1165 1096 1228 1127 est
1277 1085 1514 1127 necessaria
1565 1108 1624 1118 -

193 1167 234 1196 et
267 1154 326 1196 sic
371 1155 514 1197 omnia
570 1154 905 1212 suspicionibus,
955 1155 1083 1211 odiis,
1134 1154 1389 1209 terroribus,
1440 1155 1627 1213 insidiis,

195 1223 393 1267 caedibus
427 1225 705 1283 replerentur,
741 1242 814 1269 seu
850 1227 1030 1269 iniuriae
1064 1227 1114 1269 ad
1149 1226 1426 1270 obtinendam
1452 1228 1624 1271 iniuria-

192 1311 290 1339 rum
340 1299 738 1355 compensatIOnem
799 1298 840 1340 in
892 1297 1167 1341 indefinitum
1223 1298 1621 1356 multiplicarentur.

192 1368 309 1425 Ergo
344 1369 525 1426 provida
557 1382 730 1412 naturae
763 1369 829 1413 lex
864 1369 1039 1413 civilem
1077 1371 1261 1413 instituit
1295 1371 1557 1425 societatem,
1582 1371 1624 1413 in

191 1454 324 1497 eaque
359 1441 595 1498 principem
631 1440 904 1499 iudicemque
940 1441 1134 1494 civilem,
1156 1441 1214 1486 ad
1238 1457 1367 1499 quern
1393 1442 1544 1499 privati
1568 1441 1623 1485 ob

190 1523 380 1568 acceptas
416 1512 590 1554 iniurias
625 1526 853 1565 recurrant,
888 1514 1045 1570 quique
1073 1512 1122 1556 de
1157 1514 1336 1556 iniuriae
1357 1513 1533 1556 veritate
1551 1512 1624 1556 de-

191 1595 349 1635 cernat,
367 1583 416 1626 de
439 1585 549 1626 veris
576 1585 752 1643 iniuriae
782 1584 1028 1628 auctoribus
1054 1587 1252 1642 inquirat,
1267 1601 1429 1643 eosque
1451 1585 1623 1643 quando

191 1666 231 1697 et
263 1668 472 1712 quantum
513 1672 620 1713 opus
655 1647 728 1700 estx
755 1670 879 1714 cogat
916 1656 963 1700 ad
995 1657 1129 1699 illatae
1164 1658 1342 1700 iniuriae
1394 1657 1624 1714 reparatio-

189 1741 289 1768 nem
325 1726 599 1783 reddendam,
634 1730 864 1786 omniaque
898 1728 1000 1771 haec
1024 1741 1195 1786 peragat
1220 1729 1312 1771 sine
1334 1744 1623 1786 personarum

195 1798 441 1854 acceptione
476 1800 716 1856 partiumve
751 1799 908 1843 studio.
945 1801 1035 1843 Hac
1070 1799 1211 1857 itaque
1246 1801 1289 1842 in
1322 1815 1367 1843 re
1390 1799 1623 1843 discrimen

188 1867 306 1911 adest
340 1870 448 1912 inter
477 1872 695 1927 privatam
729 1887 959 1929 personam
984 1871 1257 1929 etpitblicam.
1296 1872 1423 1925 Nam,
1450 1884 1496 1915 ut
1516 1884 1612 1929 apte

189 1937 358 1982 disserit
393 1940 520 1983 Card.
557 1941 946 2000 Bellarminus(1),
985 1943 1180 2000 «privati
1217 1942 1417 1986 homines
1467 1954 1509 1986 et
1544 1943 1617 2000 qui

188 2011 459 2067 superiorem
496 2012 666 2065 habent,
702 2014 735 2055 si
769 2012 818 2056 ab
853 2012 996 2071 aliquo
1032 2014 1203 2056 iniurias
1249 2014 1479 2070 accipiunt,
1507 2028 1616 2071 pos-

187 2237 250 2271 per
276 2226 432 2259 iudicem
461 2227 626 2272 reposcit;
654 2238 729 2261 non
759 2237 847 2272 puto
875 2236 996 2261 autem
1030 2239 1097 2261 nec
1126 2227 1367 2262 verecundiae
1406 2239 1472 2262 nec
1507 2227 1629 2274 digni·

190 2284 257 2319 tati
285 2292 367 2318 tuae
394 2287 603 2327 convenire,
633 2286 827 2333 quidquam
856 2297 929 2320 uon
957 2287 1032 2320 iure
1060 2285 1189 2322 facere.
1216 2286 1389 2333 Quisquis
1430 2287 1526 2333 gitur
1545 2297 1629 2332 pro*-

193 2344 298 2378 batus
325 2343 412 2377 mihi
440 2344 557 2386 fuerit,
586 2356 661 2379 rern
689 2344 799 2379 ullam
835 2345 1005 2380 debitoris
1034 2347 1122 2379 ’non
1159 2346 1203 2380 ab
1231 2345 1312 2391 ipso
1352 2345 1419 2380 sibi
1450 2344 1627 2380 traditam

187 2403 266 2439 sine
289 2403 365 2438 ullo
394 2404 509 2438 iudice
539 2414 679 2440 temere
709 2405 906 2451 possidere,
933 2416 1087 2451 eumque
1113 2405 1179 2439 sibi
1208 2405 1262 2440 ius
1289 2405 1325 2439 in
1353 2416 1433 2440 earn
1463 2415 1541 2439 rem
1567 2404 1626 2438 ‹ffi-

190 2463 295 2502 xisse,
323 2464 377 2497 ius
399 2464 522 2498 crediti
553 2476 626 2498 non
655 2464 802 2499 habebit
822 2479 853 2500 ».

286 2524 342 2568 (1)
369 2525 424 2558 De
453 2525 585 2566 Laicis,
611 2525 635 2559 1.
668 2525 728 2559 ΙΙΙ.
755 2536 783 2559 c.
815 2534 866 2567 15.
895 2524 951 2560 Cf.
981 2525 1203 2568 Liberatore,
1235 2525 1292 2559 Ius
1335 2533 1411 2560 nat.
1457 2533 1551 2571 part.
1595 2535 1625 2558 1.

188 2593 266 2629 cap.
298 2594 323 2617 1.
354 2595 452 2618 num.
478 2595 561 2619 12.:
592 2585 809 2631 Tongiorgi,
836 2584 916 2619 Eth.
943 2586 1068 2630 partic.
1096 2596 1196 2619 num.
1223 2594 1305 2630 371.
1333 2595 1431 2631 seqq.
