1737 2802
207 232 303 258 x-um
340 230 401 258 est
435 215 625 258 officium
661 214 853 258 servandi
887 214 957 257 tali
993 214 1061 258 die
1096 216 1321 273 ieiunium,
1339 214 1468 258 talem
1503 230 1629 273 pecu-

205 290 294 329 niae
329 302 544 329 suminam
580 288 758 344 principi
794 288 834 328 in
870 286 1077 329 tributum
1113 286 1320 330 solvendi.

324 358 448 409 Quae
483 373 611 414 porro
656 357 919 400 differentiae
966 357 1106 415 legem
1156 360 1265 401 inter
1309 357 1545 401 naturalem
1588 370 1629 401 et

207 429 430 484 positivam
466 429 747 482 intercedunt,
781 429 971 487 eaedem,
1004 444 1050 473 ut
1083 443 1215 488 patet,
1251 431 1463 474 intersunt
1487 428 1630 473 officia

206 500 314 542 inter
349 500 547 542 naturalia
582 512 620 543 et
645 502 839 558 positiva.
861 502 926 544 De
959 501 1113 559 quibus
1137 502 1386 545 differentiis
1421 517 1520 544 cum
1544 502 1628 544 iam

199 570 245 611 in
280 572 500 627 superiore
535 584 649 628 parte
683 585 824 615 actum
860 574 928 626 sit,
961 573 1065 616 nihil
1099 587 1161 617 est
1195 573 1277 616 hoc
1315 572 1412 616 loco
1460 572 1626 616 adden-

207 641 322 683 dum.
359 641 429 683 Illa
462 644 709 698 praesertim
745 643 985 688 recolantur
1020 645 1239 703 principia,
1258 660 1365 702 quae
1399 645 1628 688 statuimus

204 712 309 754 circa
344 714 641 769 quaestionem
677 714 727 758 de
761 717 885 771 rigore
907 731 981 758 seu
1016 716 1176 759 lenitate
1211 715 1486 773 obligationis
1521 714 1626 773 legis

207 784 403 826 naturalis
428 798 466 826 et
500 786 721 842 positivae,
745 798 871 844 atque
896 800 1207 845 consequenter
1241 788 1367 831 etiam
1391 786 1519 829 officii
1547 785 1628 844 (1):

207 867 350 897 utrum
385 855 575 899 officium
610 858 662 899 sit
685 873 734 900 ex
769 858 1029 915 obligatione
1054 858 1324 916 implendum
1359 871 1462 901 tunc
1485 859 1628 911 etiam,

207 927 377 983 quando
412 943 509 970 cum
533 929 624 971 eius
659 930 850 973 custodia
875 932 1154 973 coniunctum
1179 931 1231 973 sit
1257 928 1496 988 periculum
1519 930 1630 973 vitae

204 999 269 1041 vel
302 1000 473 1042 alterius
506 1002 646 1056 gravis
679 1003 929 1044 nocumenti
965 1001 1110 1060 (quale
1144 1015 1206 1045 est
1255 1017 1410 1058 magna
1454 1000 1628 1044 infamia

205 1070 270 1113 vel
295 1071 443 1126 ingens
478 1071 723 1115 divitiarum
749 1074 938 1130 iactura),
957 1090 1008 1116 an
1033 1089 1135 1117 vero
1161 1072 1463 1116 huiuscemodi
1487 1073 1629 1129 gravis
1651 1065 1654 1067 ⁵

205 1143 454 1184 nocumenti
490 1143 730 1199 periculum
764 1157 937 1187 excuset
972 1144 1019 1187 ab
1054 1144 1317 1202 obligatione
1365 1142 1495 1186 officii
1543 1143 1630 1185 im-

208 1212 362 1270 plendi.
397 1214 498 1256 Dixi
542 1217 701 1270 gravis:
746 1231 885 1272 neque
918 1216 1033 1258 enim
1083 1215 1263 1258 dubium
1312 1230 1386 1258 seu
1436 1215 1629 1272 quaestio

206 1299 298 1326 esse
332 1297 472 1341 potest
505 1285 555 1328 de
589 1301 864 1344 quocumque
901 1288 1015 1344 parvi
1064 1288 1190 1330 etiam
1243 1287 1454 1330 momenti
1502 1285 1628 1331 malo.

214 1373 231 1395 «
257 1355 301 1398 Si
335 1357 466 1413 enim,
499 1370 544 1399 ut
578 1370 688 1400 recte
721 1358 1025 1402 animadvertit
1062 1358 1311 1404 Liberatore
1345 1358 1421 1415 (2),
1447 1357 1630 1416 quodvis

208 1426 366 1469 malum
403 1428 633 1471 imminens
668 1429 803 1486 (puta,
838 1429 942 1473 levis
977 1429 1202 1486 calumnia,
1246 1446 1372 1487 parva
1414 1429 1630 1473 bonorum

207 1499 399 1550 amissio,
435 1511 710 1557 contemptus
743 1501 1070 1560 nonnullorum)
1104 1500 1151 1544 ab
1202 1500 1433 1559 implendis
1478 1500 1631 1544 officiis

208 1585 286 1613 nos
320 1584 552 1629 excusuet3
587 1588 675 1615 non
708 1572 849 1615 solum
883 1572 1017 1616 libero
1050 1574 1261 1616 virtutum
1304 1573 1523 1626 exercitio,
1556 1572 1632 1616 sed

208 1643 327 1684 omni
353 1642 474 1699 plane
498 1659 672 1686 morum
697 1643 913 1687 honestati
939 1644 1263 1689 valedicendum
1288 1657 1411 1688 esset.
1435 1645 1482 1687 In
1505 1659 1632 1703 prae-

202 1702 314 1756 ¹senti
349 1714 464 1756 enim
498 1716 610 1757 vitae
643 1728 751 1758 statu
801 1715 979 1771 (adiecta
1027 1717 1277 1775 praesertim
1325 1715 1629 1774 improborum

209 1784 384 1841 malitia)
418 1785 504 1828 fere
537 1786 802 1844 impossibile
837 1802 899 1831 est
932 1789 1101 1832 virtutis
1135 1789 1390 1832 exercitium
1425 1789 1515 1832 sine
1552 1804 1630 1833 so-

210 1859 357 1901 cietate
389 1857 701 1902 nonnullorum
736 1859 1007 1903 malorum.»

328 1930 507 1973 D1v1s10
539 1930 592 1973 ΙΙ.
627 1929 709 1974 Sed
743 1931 824 1973 iam
860 1930 1052 1974 officium
1098 1944 1342 1988 spectemus
1377 1931 1628 1989 formaliter:

208 2016 364 2057 nempe
399 2002 438 2042 in
473 2001 617 2045 officio
653 2003 976 2046 consideremus
1020 2005 1163 2060 ipsum
1207 2004 1370 2048 morale
1417 2003 1630 2058 debitum,

209 2073 250 2114 in
295 2088 381 2129 quo
431 2074 640 2117 consistit.
674 2099 730 2107 —
764 2074 932 2118 Morale
981 2073 1192 2128 debitum,
1228 2075 1345 2133 quod
1392 2074 1461 2121 lex
1508 2074 1631 2120 alicui

208 2145 407 2202 imponit,
439 2144 504 2187 vel
540 2144 770 2203 respondet
803 2146 885 2188 iuri
921 2146 962 2188 in
996 2145 1127 2189 altero
1171 2144 1392 2200 existentis
1414 2146 1480 2190 vel
1527 2162 1629 2191 non.

209 2216 254 2259 Si
286 2230 372 2258 non
408 2216 655 2274 respondet,
679 2229 782 2260 tunc
817 2216 1007 2260 debitum
1043 2233 1117 2260 seu
1142 2217 1333 2261 officium
1357 2217 1512 2262 dicitur
1529 2227 1631 2278 pure

301 2461 355 2506 (1)
383 2460 440 2496 Cf.
466 2460 535 2495 vol.
563 2460 588 2494 I.
614 2472 713 2497 num.
742 2469 819 2503 145.
849 2471 933 2507 pag.
967 2460 1030 2495 128
1055 2471 1152 2507 seqq.

301 2520 357 2566 (2)
386 2520 443 2554 Ius
480 2528 552 2554 nat.
593 2528 681 2566 part.
732 2530 758 2554 1.
785 2531 816 2554 c.
846 2530 874 2554 1.
902 2530 931 2553 a.
960 2530 1002 2565 3„
1031 2518 1073 2554 de
1111 2519 1328 2554 necessitate
1366 2518 1545 2554 eximente
1583 2518 1628 2553 ab

205 2577 343 2614 officio.
