1737 2802
832 121 1100 162 -160—

249 218 502 261 intellectam
537 233 588 260 eo
624 215 757 259 modo
790 231 878 273 quo
912 215 1090 272 intelligi
1125 216 1361 268 consuevit,
1396 227 1544 270 reapse
1583 212 1676 255 im-

250 290 455 346 pletnr03‚
489 302 582 331 tum
615 287 705 330 aliis
741 287 792 330 de
825 287 976 343 causis,
1009 299 1102 329 tum
1138 286 1362 343 praecipue
1407 283 1461 328 ob
1495 283 1678 342 speciale

249 362 418 403 virtutis
452 360 670 417 religionis
706 360 935 415 motivum,
968 373 1054 415 quo
1088 374 1138 401 ex
1172 357 1331 400 adiecta
1360 357 1550 414 supremi
1573 355 1673 399 Nu-

251 434 378 475 minis
413 432 682 474 invocatione
717 430 882 473 fortiter
917 429 1182 488 impellimur
1207 428 1257 472 ad
1280 444 1373 472 eam
1397 426 1676 486 implendam.

250 503 311 546 Ex
344 502 410 544 his
445 515 587 544 autem
622 514 748 558 patet,
782 499 874 543 fieri
910 499 1124 542 interdum
1166 514 1308 557 posse,
1357 511 1402 541 ut
1452 497 1508 555 id,
1556 496 1675 555 quod

250 572 483 631 prudenter
500 573 766 630 promissum
786 583 849 614 est
868 583 908 613 et
928 571 1169 612 iuramento
1185 568 1500 622 confirmatum,
1515 567 1678 626 absque

250 645 372 702 culp-³.
411 658 452 686 et
500 645 590 686 sine
639 643 798 686 debitae
846 642 1038 684 veritatis
1088 640 1349 684 detrimento
1399 639 1676 684 exsecutioni

248 731 337 759 non
356 715 492 772 detur,
511 716 608 773 quia
631 713 789 757 scilicet
808 714 1040 772 promissio
1064 729 1108 755 ac
1133 712 1429 756 iusiurandum
1465 710 1673 771 quasdam

248 787 520 830 includebant
555 786 839 842 conditiones,
874 801 981 843 quae
1014 800 1101 827 non
1136 783 1424 828 verificantur.
1456 784 1599 827 Immo
1624 798 1677 826 ex

249 858 562 912 conditionum,
596 874 702 915 quae
736 857 1064 905 subaudiuntur,
1101 855 1269 899 defectu
1303 854 1394 899 fieri
1441 867 1595 913 potest,
1629 866 1678 897 ut

249 929 388 972 illicita
422 943 462 972 et
505 928 726 986 culpabilis
765 930 818 971 sit
868 928 1060 985 impletio
1115 927 1417 985 promissionis
1468 939 1508 969 et
1557 926 1679 968 iura-

250 1003 395 1044 menti.
431 1002 544 1044 Hinc
578 1016 609 1043 s,
635 999 892 1043 Ambrosius
928 1001 988 1056 (1)
1018 999 1135 1043 dixit:
1171 1019 1187 1039 v<
1208 1000 1281 1042 Est
1311 1010 1459 1042 contra
1482 997 1673 1040 officium

248 1088 578 1130 nonnumquam
604 1073 871 1130 promissum
897 1071 1079 1125 solvere,
1104 1084 1417 1115 sacramentum
1443 1069 1678 1113 custodire:

247 1145 356 1187 sicut
390 1144 602 1200 Herodes,
653 1145 723 1201 qui
774 1159 920 1186 necem
973 1144 1146 1187 Ioannis
1195 1143 1417 1200 praestitit,
1465 1157 1518 1185 ne
1567 1157 1673 1200 pro-

247 1217 431 1259 missum
465 1229 652 1273 negaret.
674 1234 695 1254 >³
733 1217 797 1258 De
832 1215 914 1258 hoc
938 1214 1126 1258 Herodis
1150 1215 1391 1257 iuramento
1415 1214 1469 1257 ita
1492 1228 1524 1257 s.
1551 1212 1678 1257 Tho-

246 1304 337 1331 mas
371 1290 441 1345 (2).·
482 1306 501 1329 «
535 1289 632 1331 Hoc
666 1289 954 1331 iuramentum
992 1300 1154 1345 poterat
1187 1302 1280 1330 esse
1313 1302 1334 1329 a
1369 1286 1581 1343 principio
1617 1284 1677 1328 li-

247 1360 397 1414 citum,
434 1359 645 1402 intellecta
678 1358 818 1402 debita
853 1358 1120 1415 conditione,
1153 1357 1242 1402 scil.
1279 1359 1313 1400 si
1354 1369 1532 1414 peteret,
1556 1355 1677 1414 quod

246 1431 342 1475 dare
376 1431 557 1484 deceret,
591 1430 666 1474 sed
701 1431 895 1489 impletio
929 1431 1157 1473 iuramenti
1191 1430 1272 1473 fuit
1306 1429 1464 1474 illicita.
1498 1446 1517 1469 »

367 1503 578 1559 Quaeres,
613 1501 717 1560 quid
751 1517 857 1558 ergo
892 1501 1125 1545 dicendum
1159 1502 1212 1543 sit
1247 1500 1299 1544 de
1333 1516 1400 1557 eo,
1433 1500 1506 1558 qui
1556 1501 1675 1543 iura-

246 1585 393 1616 mento
427 1573 642 1630 promittit
676 1572 838 1631 aliquid
871 1572 931 1631 (e.
964 1588 1005 1629 g.
1041 1588 1085 1615 se
1119 1584 1216 1630 post
1259 1586 1455 1614 mensem
1502 1583 1675 1614 centum

245 1660 397 1688 aureos
432 1644 602 1702 publico
635 1645 949 1688 valetudinario
1001 1643 1226 1702 daturum)
1260 1659 1360 1687 cum
1409 1644 1554 1686 animo
1602 1643 1673 1685 iu-

246 1716 364 1759 randi
399 1732 443 1759 ac
477 1733 521 1760 se
555 1716 788 1774 obligandi,
823 1716 1042 1774 simulque
1078 1716 1207 1759 etiam
1243 1730 1341 1759 cum
1390 1717 1538 1758 animo
1585 1730 1675 1758 non

246 1788 449 1832 reddendi
493 1804 584 1832 rem
630 1790 872 1832 iuramento
922 1788 1181 1846 promissam
1214 1786 1299 1846 (3).
1334 1812 1390 1819 —
1424 1787 1674 1845 Responsio

340 1990 394 2036 (1)
422 1992 477 2026 De
504 1990 566 2025 off.
594 1990 616 2026 1.
647 1991 673 2026 1.
700 2003 778 2036 cap.
800 2000 850 2033 50.
879 1991 958 2025 Huc
986 1989 1109 2025 referri
1135 1997 1289 2036 possunt
1316 1986 1377 2023 illa
1404 1986 1604 2027 Ciceronis,
1631 1985 1675 2021 de

245 2048 307 2085 off.
335 2049 358 2084 1.
387 2050 446 2084 ΙΙΙ.
476 2061 502 2084 c.
537 2049 606 2085 16.:
649 2051 872 2086 «Promissa
910 2061 985 2085 non
1024 2047 1187 2084 facienda
1227 2056 1519 2093 nonnumquam,
1557 2057 1674 2092 neque

248 2119 394 2154 semper
419 2108 583 2155 deposita
611 2109 802 2144 reddenda.
830 2109 866 2144 Si
893 2107 1056 2154 gladium
1083 2108 1161 2155 quis
1187 2106 1280 2153 apud
1298 2115 1334 2141 te
1360 2116 1447 2140 sana
1472 2111 1596 2139 mente
1614 2103 1675 2139 de-

242 2169 413 2214 posuerit,
442 2177 579 2214 repetat
606 2169 805 2210 insaniens,
834 2168 996 2209 reddere,
1022 2176 1214 2213 peccatum
1239 2166 1295 2210 sit,
1322 2175 1397 2200 non
1424 2163 1584 2207 reddere,
1611 2162 1673 2198 of-

245 2225 382 2261 ficium.
399 2241 416 2259 »
1490 2223 1501 2235 ⁶

339 2287 395 2331 (2)
424 2287 463 2321 In
491 2297 522 2322 2.
549 2298 578 2322 2.
607 2300 641 2334 q.
671 2287 729 2333 89.
759 2299 791 2322 a.
820 2297 853 2332 7.
882 2285 926 2320 ad
955 2291 1011 2322 2¹¹¹.
1040 2285 1262 2331 Exemplum
1287 2283 1386 2318 aliud
1423 2293 1504 2317 esse
1541 2289 1674 2329 potest,

248 2359 265 2376 «
283 2356 365 2379 cum
394 2346 521 2392 aliquis
547 2347 638 2382 iurat
664 2357 702 2381 se
728 2346 920 2392 pecuniam
947 2345 1161 2388 soluturum,
1189 2354 1280 2391 quae
1306 2343 1337 2378 ei
1365 2340 1604 2390 postmodum
1640 2340 1675 2375 vi

241 2403 302 2439 vel
329 2403 423 2439 furto
450 2405 682 2440 subtrahitur:
712 2415 796 2441 tunc
822 2405 918 2440 enim
947 2404 1088 2439 videtur
1114 2412 1306 2439 excusatus
1333 2412 1411 2437 esse
1445 2412 1466 2435 a
1506 2398 1675 2434 faciendo

243 2463 339 2510 quod
365 2464 538 2499 iuravit.»
569 2465 661 2499 Ibid.
689 2465 726 2500 in
752 2476 853 2511 corp.
883 2473 949 2500 art.

337 2524 391 2570 (3)
416 2523 477 2559 Nil
504 2524 583 2559 dico
611 2524 655 2559 de
681 2525 751 2559 alia
777 2523 983 2571 hypothesi,
1001 2522 1170 2557 videlicet
1196 2520 1356 2564 alicuius,
1375 2519 1434 2567 qui
1460 2518 1671 2553 iuramento

241 2583 433 2630 promittat
461 2583 595 2631 aliquid
624 2596 708 2619 curn
735 2584 857 2619 animo
883 2595 959 2619 non
986 2581 1127 2618 iurandi
1152 2589 1212 2617 aut
1238 2592 1278 2616 se
1302 2591 1377 2615 non
1403 2576 1606 2626 obligandi,
1624 2574 1676 2614 Ut
