1737 2802
628 125 894 168 -115-

49 212 186 259 oratio
220 211 342 270 quasi
373 208 424 253 ad
457 206 745 251 redditionem
769 206 913 264 debiti,
948 218 997 249 ut
1029 204 1190 249 scilicet
1213 205 1350 249 homo
1374 206 1471 250 Deo

49 284 207 329 serviat
255 278 494 326 secundum
541 278 646 322 illud
688 290 846 334 totum,
889 277 1008 335 quod
1041 292 1092 320 ex
1124 277 1219 320 Deo
1253 276 1396 331 habet,
1431 276 1475 321 id

50 368 114 401 est
144 370 232 399 non
266 353 409 397 solum
443 363 602 405 mente,
635 351 710 393 sed
744 351 872 394 etiam
906 364 1101 407 corpore.
1134 366 1155 389 »
1194 374 1252 384 —
1285 350 1402 394 Haec
1425 365 1476 393 ex

51 427 251 473 Suaresio
284 425 349 484 (1)
381 423 548 473 addam:
585 439 608 462 ‹
629 422 747 476 Quia
780 437 860 464 nos
904 421 1063 480 duplici
1109 433 1260 464 natura
1309 433 1474 465 consta-

50 515 163 556 mus,
186 497 396 555 corporali
430 496 636 539 nimirum
671 507 710 537 et
745 493 968 552 spirituali,
991 492 1087 538 ideo
1123 495 1346 552 utriusque
1374 494 1475 537 acti-

50 571 128 622 bus
162 570 299 614 colere
333 568 539 612 debemus
572 567 733 619 Deum,
767 566 866 624 quia
899 566 1125 623 utriusque
1157 578 1306 608 auctor
1349 577 1467 608 est.»

49 644 195 700 Itaque
227 640 387 685 actibus
421 640 549 683 etiam
583 638 768 681 externis
802 636 984 681 colimus
1032 637 1192 691 Deum,
1247 655 1268 678 «
1315 649 1361 680 ut
1392 651 1474 680 nos

51 715 171 759 omni
205 712 338 756 modo
371 710 495 755 nobis
528 709 721 768 possibili
755 710 791 753 ei
830 709 1081 752 servitutem
1125 708 1417 768 exhibeamus,
1448 729 1469 753 »

55 798 102 834 ut
133 785 326 843 loquitur
360 783 473 826 idem
509 794 656 825 auctor
690 788 760 834 (2).

170 857 273 900 Duo
305 854 468 912 liquent
502 870 552 896 ex
585 852 722 897 dictis.
756 878 814 884 -—
846 852 967 894 Patet
994 853 1147 909 primo,
1184 853 1358 910 quinam
1393 855 1478 898 sint

50 927 213 972 externi
233 926 372 969 cultus
388 925 485 981 fines
507 925 735 982 praecipui.
760 924 885 966 Prior
912 922 1008 965 finis
1031 936 1094 966 est
1117 923 1306 981 profiteri
1332 926 1477 970 Deum

53 1015 146 1043 esse
168 1010 389 1041 auctorem
413 998 593 1052 animae,
617 997 811 1053 corporis
836 1008 876 1038 et
901 1007 1139 1038 ceterarum
1165 1012 1327 1050 rerum,
1353 999 1479 1056 eique

53 1070 307 1115 submittere
356 1070 540 1112 animam
586 1084 661 1125 per
704 1068 955 1111 interiorem
991 1069 1148 1110 mentis
1182 1067 1478 1124 devotionem,

54 1157 209 1200 corpus
244 1157 317 1199 per
350 1141 604 1182 exteriorem
654 1139 788 1197 ipsius
837 1136 1200 1196 humiliationem,
1234 1152 1478 1199 ceterasque

54 1230 119 1258 res
155 1229 228 1272 per
260 1211 546 1255 voluntariam
591 1211 780 1268 ipsarum
825 1208 1101 1254 oblationem.
1135 1209 1254 1253 Alter
1285 1210 1382 1254 finis
1415 1224 1479 1256 est

52 1285 344 1341 nosmetipsos
379 1296 610 1340 provocare
644 1282 687 1324 in
721 1280 880 1334 divina,
922 1298 942 1321 ι(
975 1293 1021 1323 ut
1055 1280 1214 1324 scilicet
1249 1298 1323 1339 per
1354 1284 1477 1340 signa

52 1355 322 1407 humilitatis,
347 1369 453 1412 quae
478 1353 755 1410 corporaliter
789 1351 1056 1405 exhibemus,
1092 1352 1300 1396 excitetur
1330 1366 1480 1398 noster

55 1427 228 1472 affectus
262 1426 314 1470 ad
346 1425 660 1469 subiiciendum
685 1440 727 1468 se
752 1425 846 1468 Deo
880 1441 899 1464 »
940 1424 1026 1483 (3).
1053 1425 1228 1468 Tertius
1252 1425 1349 1469 finis
1382 1427 1480 1471 addi

55 1511 216 1558 potest:
251 1511 296 1542 ut
328 1498 601 1551 existimatio,
634 1512 763 1555 quam
798 1496 849 1540 de
883 1497 979 1540 Deo
1016 1496 1238 1554 habemus,
1262 1510 1302 1541 et
1327 1498 1483 1556 cultus,

53 1586 184 1628 quem
216 1571 380 1613 interne
413 1570 455 1611 in
504 1568 649 1611 animo
683 1568 780 1611 Deo
829 1566 1075 1620 tribuimus,
1126 1566 1215 1611 aliis
1263 1568 1479 1626 patefiant:

55 1641 167 1686 unde
201 1652 503 1699 consequetur,
536 1638 654 1697 quod
694 1639 759 1682 alii
808 1651 847 1682 et
896 1638 1125 1682 nobiscum
1175 1639 1388 1683 socialiter
1435 1656 1482 1685 ac

54 1726 151 1758 tuto
183 1714 344 1771 vivant,
377 1724 418 1756 et
451 1711 574 1755 nobis
609 1712 652 1755 in
687 1711 802 1754 cultu
837 1711 1049 1755 divinitati
1094 1709 1338 1755 exhibendo
1383 1713 1483 1756 uni-

56 1798 179 1830 antur
214 1785 288 1841 (4).
324 1810 376 1817 —
410 1785 532 1827 Patet
566 1782 753 1836 secundo,
789 1797 998 1841 quaenam
1034 1783 1142 1825 inter
1182 1794 1410 1827 externum
1443 1797 1484 1829 et

54 1987 187 2034 duplici
212 1995 337 2021 natura
363 1986 560 2033 compositi
587 1996 725 2027 sumus,
743 1985 977 2021 intellectuali
1006 1984 1144 2020 scilicet
1164 1994 1197 2020 et
1217 1985 1391 2028 sensibili,
1410 1986 1480 2021 du-

57 2047 190 2094 plicem
215 2046 469 2081 adorationem
496 2046 576 2080 Deo
606 2044 805 2087 offerimus,
832 2044 972 2079 scilicet
997 2044 1234 2092 spiritualem,
1263 2055 1353 2092 quae
1391 2056 1483 2080 con-

58 2107 149 2143 sistit
173 2107 210 2142 in
236 2107 398 2142 interiori
426 2107 556 2142 mentis
581 2105 792 2147 devotione,
815 2113 848 2140 et
866 2104 1113 2151 corporalem,
1143 2115 1235 2151 quae
1262 2104 1427 2141 consistit
1447 2106 1483 2141 in

59 2167 227 2202 exteriori
251 2167 413 2213 corporis
440 2166 742 2201 humiliatione.»

154 2225 212 2270 (1)
240 2225 312 2271 Op.
340 2234 374 2260 et
401 2226 423 2260 l.
450 2236 566 2271 nuper
592 2225 651 2260 cit.

155 2284 210 2330 (2)
237 2284 324 2320 Ibid.
351 2295 450 2319 num.
477 2284 510 2319 8.
535 2284 579 2319 Et
604 2295 703 2319 num.
730 2295 803 2330 seq.
835 2283 887 2318 sic
915 2282 1111 2318 concludit:
1144 2284 1241 2319 «His
1260 2295 1348 2331 ergo
1374 2285 1487 2320 ratio-

60 2344 164 2379 nibus
190 2352 224 2378 et
250 2342 392 2389 infinitis
417 2343 498 2378 aliis
523 2354 669 2379 necesse
695 2352 761 2387 est,
786 2344 867 2378 Deo
894 2343 1147 2378 adorationem
1177 2343 1287 2378 etiam
1314 2354 1490 2389 coi-pora·

61 2402 134 2439 lem
161 2402 378 2438 exhibere.»

155 2464 208 2508 (3)
236 2463 288 2498 Ita
312 2474 339 2498 s.
366 2462 541 2506 Thomas,
567 2463 604 2496 in
634 2474 666 2498 2.
694 2472 726 2498 2.
756 2475 788 2509 q.
815 2462 872 2505 84.
900 2474 933 2497 a.
965 2472 992 2506 3.

156 2522 211 2567 (4)
238 2521 293 2557 Cf.
320 2524 460 2565 Suarez,
487 2534 549 2569 op.
567 2532 602 2558 et
620 2522 643 2558 l.
662 2522 721 2558 cit.
740 2534 841 2558 num.
860 2532 893 2568 9.
914 2522 970 2558 Cf.
993 2524 1104 2558 etiam
1127 2523 1170 2558 de
1189 2524 1367 2568 oratione,
1387 2522 1409 2557 1.
1428 2522 1492 2557 III.

61 2593 92 2617 c.
116 2581 151 2618 6.
177 2594 214 2617 n.
244 2593 278 2620 2.
306 2591 340 2618 et
366 2593 401 2626 4.
432 2583 572 2628 Quibus
592 2583 628 2618 in
657 2582 748 2618 locis
768 2583 887 2618 innuit
915 2583 1118 2625 hominem,
1137 2592 1263 2630 utpote
1283 2592 1408 2619 natura
1426 2592 1490 2618 sua
