1737 2802
1522 1 1539 10 .—
1597 0 1737 52 {175th

1730 62 1737 106 ¹}

820 145 872 151 -
909 120 966 162 65
1000 143 1056 152 .-

340 217 454 258 Hinc
478 215 519 257 in
543 213 714 272 Syllabo
740 215 896 257 merito
916 215 1097 257 omnino
1117 229 1300 272 sequens
1324 213 1427 258 haec
1444 214 1650 260 condem-

220 301 344 331 natur
378 287 621 344 propositio
645 286 726 343 (1):
767 303 786 326 «
805 286 878 328 Ius
903 287 942 328 in
976 285 1180 328 materiali
1201 285 1319 343 facto
1349 287 1530 330 consistit
1560 285 1650 345 (ius

219 360 333 402 enim
354 373 442 401 non
461 370 523 401 est
543 355 760 399 materiale
778 355 960 412 factum,
979 356 1054 399 sed
1072 369 1135 399 est
1153 369 1340 414 potestas
1363 356 1556 414 legitima
1572 373 1648 402 seu

216 430 407 483 moralis,
441 445 572 487 eaque
608 427 823 470 moraliter
873 427 1162 486 inviolabilis),
1191 437 1227 471 et
1271 429 1409 472 omnia
1441 429 1650 472 hominum

215 502 341 560 officia
376 510 468 544 sunt
502 516 645 544 nomen
678 501 799 543 ‘inane
830 498 986 556 (officia
1019 500 1133 542 enim
1181 515 1269 543 non
1317 513 1416 544 sunt
1462 515 1647 544 vacuum

216 590 393 629 nomen,
412 572 485 615 sed
519 587 669 615 verum
695 587 739 613 ac
773 570 882 614 reale
916 569 1107 613 debitum
1132 586 1206 614 seu
1239 572 1460 616 vinculum
1494 587 1645 616 mora-

215 647 270 698 le,
306 661 392 703 quo
425 644 620 687 voluntas
655 643 856 699 humana,
888 643 980 688 sive
1012 642 1112 686 velit
1165 644 1255 687 sive
1287 643 1412 700 nolit,
1446 656 1510 688 est
1543 659 1646 688 mo-

217 719 357 761 raliter
391 716 552 774 ligata),
586 725 622 758 et
655 717 793 758 omnia
835 716 1018 758 humana
1051 715 1172 773 facta
1222 717 1309 759 vim
1351 718 1456 760 iuris
1501 717 1646 761 habent

217 790 418 846 (humana
455 789 571 831 enim
605 787 725 843 facta,
759 788 792 829 si
828 787 1004 830 iniuriae
1048 787 1134 829 sint
1177 800 1218 830 et
1267 788 1516 841 iniustitiae,
1567 804 1646 832 nec

217 863 282 905 ius
317 860 510 904 conferre
559 871 760 917 possunt,
810 874 886 901 nec
919 857 967 901 ab
1001 858 1134 902 altero
1168 859 1232 902 ius
1265 858 1458 915 auferre).
1517 861 1646 904 l⁴acta

217 935 348 991 igitur
380 933 582 985 humana,
608 932 883 989 quantumvis
919 944 1217 974 consummata
1250 943 1291 974 et
1325 930 1504 975 feliciter
1536 947 1645 976 con—

218 1016 447 1058 summata,
482 1003 517 1045 si
551 1004 635 1045 sint
668 1002 846 1044 iniuriae
881 1014 921 1044 et
955 1002 1198 1055 iniustitiae,
1243 1017 1331 1046 non
1366 1001 1521 1046 habent
1553 1003 1645 1046 vim

216 1077 336 1133 iuris,
369 1075 497 1132 idque
530 1076 618 1118 sive
651 1075 693 1116 in
727 1072 876 1116 ordine
899 1072 1163 1130 individuali,
1187 1074 1275 1117 sive
1307 1074 1351 1117 in
1385 1073 1535 1118 ordine
1563 1089 1646 1132 po-

215 1148 335 1191 litico
373 1149 447 1204 (2).

343 1233 409 1275 13.
454 1220 706 1263 SenomoN.
760 1217 1153 1270 Quemadmodum
1203 1217 1268 1261 sol
1301 1230 1342 1261 et
1389 1218 1464 1262 lux
1497 1233 1519 1261 a
1550 1219 1646 1262 Deo

216 1304 315 1335 sunt
350 1290 479 1334 simul
513 1290 716 1334 simultate
766 1291 972 1347 temporis,
1006 1290 1061 1332 ita
1094 1305 1115 1332 a
1148 1289 1241 1347 lege
1274 1290 1402 1333 simul
1435 1290 1647 1333 simultate

216 1365 408 1422 temporis
442 1375 540 1405 sunt
575 1363 640 1404 ius
677 1375 716 1404 et
750 1361 955 1404 officium.
993 1363 1050 1405 At
1083 1361 1153 1404 lux
1186 1363 1266 1405 etsi
1300 1370 1468 1420 tempore
1500 1362 1554 1405 sit
1587 1363 1648 1404 si-

215 1435 307 1478 mul
342 1451 440 1478 cum
474 1434 579 1491 sole,
615 1435 681 1476 cui
715 1433 876 1476 scilicet
911 1432 1136 1476 duratione
1169 1449 1257 1476 non
1309 1431 1544 1490 antecedit3
1577 1445 1648 1476 ta-

216 1521 315 1548 m-:n
349 1521 438 1547 non
471 1516 533 1547 est
568 1519 667 1546 cum
702 1519 752 1546 eo
788 1502 916 1545 simul
951 1512 1121 1560 natura,
1155 1503 1374 1561 siquidem
1397 1502 1469 1546 lux
1501 1519 1524 1546 a
1556 1503 1646 1547 sole

217 1578 258 1619 in
294 1577 518 1619 existentia
552 1575 776 1633 dependet.
813 1576 926 1617 Hinc
960 1576 1067 1618 ratio
1101 1587 1164 1617 est
1187 1574 1409 1618 dubitandi
1433 1588 1472 1617 et
1497 1575 1644 1633 inqui-

215 1647 352 1703 rendi,
390 1660 535 1690 utrum
569 1648 635 1689 ius
670 1659 710 1690 et
743 1645 954 1703 officium,
988 1647 1097 1689 sicut
1130 1655 1314 1704 tempore,
1339 1647 1395 1689 ita
1418 1647 1543 1690 etiarn
1567 1662 1644 1690 na-

217 1721 309 1763 inra
342 1720 426 1762 sint
459 1720 602 1772 simul,
636 1734 687 1761 an
720 1734 823 1761 vero
856 1717 1035 1761 alterum
1071 1719 1125 1761 sit
1158 1717 1290 1760 altero
1324 1719 1442 1776 prius
1486 1719 1642 1774 priori-

221 1926 239 1941 «
266 1910 443 1945 Violenza
469 1920 544 1943 non
571 1912 643 1955 puo
669 1920 817 1944 §camare
842 1909 866 1943 il
895 1908 1032 1951 dititt0‚
1061 1909 1201 1944 benche
1227 1919 1336 1954 possa
1369 1908 1532 1943 violarlo:
1561 1909 1643 1944 solo

218 1970 251 2004 la
279 1970 431 2004 voloni-21
458 1968 492 2003 di
519 1968 575 2003 chi
603 1969 639 2002 lo
669 1969 849 2015 possiede,
877 1981 898 2003 o
925 1968 950 2002 il
978 1968 1234 2015 cangiamento
1261 1968 1480 2003 dell’ordine
1506 1969 1574 2003 che
1605 1968 1642 2004 lo

218 2040 390 2072 sostenta‚
417 2040 580 2075 possono
608 2030 684 2076 cagi
706 2030 814 2063 narvi
840 2028 1069 2063 alterazione.
1098 2042 1116 2060 »
1507 2029 1511 2033 '

313 2092 368 2134 (π’)
396 2091 503 2125 Num.
534 2102 574 2137 )9
612 2090 705 2124 Vide
733 2089 842 2124 etiam
869 2100 966 2123 num.
995 2088 1063 2124 61.:
1094 2101 1111 2119 «
1138 2087 1332 2122 Fortunata
1352 2086 1446 2133 facti
1469 2088 1642 2123 iniustitia

218 2151 349 2184 nullum
377 2151 460 2184 iuris
486 2150 663 2184 sanctitati
688 2148 924 2183 detrimentum
953 2149 1058 2193 affert
1085 2163 1116 2181 υ.

311 2210 365 2254 (2)
392 2209 475 2243 Pius
503 2209 562 2251 lx,
591 2210 626 2242 in
654 2208 837 2253 encyclica
865 2208 1005 2252 Quanta
1033 2219 1127 2251 cura,
1147 2219 1226 2242 eam
1254 2209 1365 2242 etiam
1385 2208 1536 2243 confixit
1553 2219 1642 2255 pro-

219 2269 459 2314 positionem.
489 2280 579 2314 quae
605 2268 723 2310 docet,
750 2268 963 2302 voluntalem
984 2267 1109 2314 populi
1130 2268 1285 2314 publicae,
1313 2278 1412 2314 quam
1430 2266 1555 2310 dicunt,
1573 2269 1644 2316 opi-

219 2327 317 2361 nione
342 2328 396 2361 vel
421 2327 494 2360 alia
522 2328 651 2361 ratione
679 2326 1150 2372 mini-festation-consts'tusre
1167 2334 1361 2374 supremam
1377 2327 1479 2373 legem
1497 2327 1538 2361 ab
1565 2339 1642 2362 om-

218 2386 255 2419 ni
281 2385 396 2420 divino
422 2387 633 2433 humanoque
664 2390 737 2420 iure
753 2387 899 2421 solutam
916 2387 1103 2432 (suprema
1121 2387 1252 2432 quippe
1269 2386 1326 2420 lex
1346 2396 1398 2421 est
1415 2386 1473 2421 lex
1487 2395 1643 2429 aeterna,

220 2457 311 2491 quae
337 2445 452 2491 primo
480 2446 710 2491 participatur
736 2457 798 2492 per
818 2445 938 2491 legem
957 2445 1171 2479 naturalem:
1191 2445 1284 2480 hanc
1297 2456 1383 2480 vero
1403 2456 1533 2480 omnes
1550 2444 1643 2480 aliae

218 2503 317 2549 leges
344 2513 638 2550 praesupponunt
665 2515 731 2538 nec
759 2505 954 2539 immutare
981 2503 1160 2549 possunt);
1184 2510 1229 2550 ‚et
1267 2504 1303 2538 in
1345 2502 1463 2539 ordine
1496 2503 1643 2552 politico

214 2562 314 2608 sacta
341 2569 582 2606 consummata,
610 2575 646 2597 eo
673 2564 745 2610 ipso
773 2564 857 2609 quod
883 2568 1117 2598 consummata
1142 2568 1231 2606 sunt,
1262 2565 1338 2598 vim
1363 2563 1449 2598 iuris
1471 2563 1604 2598 habent.
