1737 2802
650 159 884 201 „41-

52 241 284 299 Manifeste
333 253 474 284 autem
508 239 559 300 β)
604 248 888 284 nocumentum
935 240 1127 296 itemque
1174 238 1373 281 damnum
1404 238 1478 296 (1)

57 325 183 371 atque
214 314 369 356 iniuria
400 310 521 355 valde
555 311 765 354 differunt.
799 311 914 355 Nam
946 325 1104 353 nocere
1151 309 1217 352 vel
1267 309 1474 352 damnum

54 383 212 427 inferre
232 382 364 426 modo
383 382 559 440 quidem
577 382 771 425 illicitum
794 395 872 439 est,
893 379 1027 424 modo
1045 395 1147 423 vero
1171 379 1353 436 licitum,
1375 396 1410 422 e.
1432 395 1475 436 g.

52 454 154 498 licet
184 469 340 497 nocere
374 453 568 497 hostibus
601 455 643 496 in
675 453 784 496 bello
819 454 945 496 iusto:
980 464 1020 494 at
1066 466 1236 509 semper
1279 450 1473 493 illicitum

49 539 120 570 aest
153 526 306 570 inferre
339 526 456 569 alteri
491 527 701 569 iniuriam.
737 527 926 568 Demum
955 525 1004 583 γ)
1038 522 1188 582 offensa
1211 523 1335 566 latius
1363 536 1476 580 patet

53 614 186 656 quam
221 599 390 642 iniuria.
426 597 603 641 Offensa
635 599 748 641 enim
782 610 845 640 est
879 596 934 650 id,
968 612 1054 654 quo
1088 595 1238 653 aliquis
1270 594 1316 637 fit
1347 595 1476 637 ratio-

52 669 253 712 nabiliter
277 669 437 713 alienus
455 682 495 712 et
516 670 728 712 inimicus.
749 670 845 712 Hoc
877 682 1018 711 autem
1054 668 1302 723 contingere
1336 678 1477 723 potest

54 742 184 784 etiam
209 741 301 783 sine
324 741 509 783 laesione
533 741 665 782 stricti
692 741 797 782 iuris
817 739 902 796 (2),
922 740 966 782 Si
992 754 1029 782 e.
1049 754 1089 794 g.
1109 738 1246 780 amico
1269 736 1476 793 flagitanti

51 811 342 855 commodato
376 827 553 869 equum,
578 826 663 867 quo
687 824 732 853 tu
760 826 897 853 carere
922 809 1040 852 facile
1063 809 1113 852 ad
1137 821 1307 865 tempus
1333 820 1472 864 pote3‚

53 883 124 926 ‘ille
156 898 260 926 vero
295 881 414 925 valde
450 882 625 939 indiget,
656 881 836 924 firmiter
871 880 1071 937 denegas,
1096 878 1301 922 offensam
1335 879 1373 921 ei
1407 879 1475 919 in-

52 953 157 1005 fers,
192 968 280 996 non
315 967 455 996 tamen
491 955 709 1008 iniuriam,
745 954 842 1010 quia
874 951 1040 994 nullum
1075 953 1166 994 eius
1218 952 1282 992 ius
1331 948 1474 992 laedis..

55 1049 111 1055 —-
148 1024 312 1076 Quaeri
338 1024 506 1067 secundo
540 1036 698 1080 potest,
724 1037 868 1066 utrum
893 1038 1044 1065 verum
1079 1022 1131 1063 sit
1156 1020 1329 1064 effatum
1354 1018 1476 1070 illud,

55 1095 196 1138 scienti
217 1103 251 1137 et
273 1095 424 1138 volenti
446 1110 523 1137 non
537 1096 590 1153 fit
615 1097 781 1138 iniuria.
807 1093 1074 1137 Affitmative
1096 1092 1358 1149 respondeo,
1381 1091 1477 1148 quia

56 1165 210 1209 volens
245 1166 354 1209 cedit
387 1183 408 1209 e
438 1167 526 1209 iure
559 1181 654 1210 suo:
677 1165 775 1208 hinc
800 1165 995 1221 domino,
1018 1165 1089 1222 qui
1113 1163 1242 1207 libere
1268 1163 1479 1205 consentit

57 1238 101 1279 in
119 1236 464 1280 combustionem
489 1238 554 1279 sui
572 1236 680 1289 libri,
705 1237 907 1279 iniuriam
931 1251 1018 1278 non
1040 1234 1148 1277 facio
1171 1234 1328 1277 librum
1354 1247 1479 1275 com-

55 1306 264 1351 burendo.
290 1308 391 1350 Duo
414 1320 558 1350 tamen
580 1306 884 1352 animadverte.
910 1306 1158 1364 Requiritur
1182 1306 1230 1359 α.)
1260 1316 1309 1347 ut
1341 1303 1478 1346 cessio

53 1379 162 1422 iuris
195 1380 249 1421 sit
272 1378 509 1422 voluntaria
542 1380 723 1421 omnino
747 1392 786 1421 et
821 1377 962 1420 libera:
989 1376 1106 1435 quod
1130 1391 1216 1419 non
1240 1368 1480 1418 verificatur

56 1451 102 1492 in
134 1464 232 1493 casu
267 1451 570 1493 consentientis
594 1466 643 1493 ex
677 1465 838 1502 errore,
864 1461 981 1491 metu
1007 1460 1076 1491 aut
1099 1447 1369 1498 necessitate,
1391 1459 1479 1502 quo

56 1521 221 1564 scilicet
254 1522 296 1564 in
330 1536 427 1564 casu
477 1536 711 1564 consensus
761 1534 822 1563 est
870 1520 1198 1574 involuntarius‚
1232 1517 1380 1560 saltem
1414 1531 1479 1558 sa-

53 1592 238 1636 cundum
254 1593 365 1650 quid,
383 1608 459 1636 nec
483 1591 662 1649 proinde
681 1592 861 1635 omnino
884 1590 1004 1634 liber.
1029 1591 1208 1647 Insuper
1232 1587 1286 1647 β)
1307 1588 1334 1630 ii
1359 1601 1480 1630 casus

53 1676 159 1707 sunt
193 1663 450 1721 excipiendi,
486 1665 528 1707 in
562 1663 713 1721 quibus
748 1663 882 1706 homo
917 1661 1195 1720 quantumvis
1228 1659 1377 1702 volens
1415 1658 1482 1700 ius

153 1881 210 1925 (1)
240 1881 339 1915 quta
363 1880 577 1922 Varronem,
605 1890 635 1922 4.
663 1880 704 1915 L.
728 1881 767 1915 L,
788 1877 854 1922 36„
884 1894 901 1910 κ
921 1878 1098 1913 damnum
1128 1890 1146 1912 a
1173 1877 1370 1924 demptione,
1399 1888 1480 1910 cum

51 1941 178 1974 minus
205 1951 241 1975 re
269 1939 416 1981 factum,
445 1951 550 1986 quam
579 1939 700 1985 quanti
728 1947 920 1973 constat.»
950 1939 1008 1973 Sic
1036 1938 1212 1972 damnum
1239 1936 1278 1970 fit
1305 1947 1370 1982 per
1402 1934 1480 1970 fut·-

50 2009 148 2040 tum‚
177 1999 450 2040 detractionem,
482 1999 750 2033 mutilationem
777 2007 856 2032 etc.:
887 1998 1072 2031 demuntur
1111 1997 1208 2030 enim
1250 2007 1269 2029 a
1309 1995 1477 2041 proximo

56 2057 215 2100 divitiae,
243 2058 339 2093 bona
367 2058 600 2095 existimatio,
630 2058 790 2102 corporis
816 2058 1015 2103 integritas.
1047 2055 1103 2091 Cf.
1123 2067 1151 2091 s.
1171 2055 1253 2098 Th„
1272 2066 1303 2090 2.
1322 2066 1358 2090 2.
1375 2067 1406 2101 q.
1427 2056 1482 2098 5³.

51 2127 89 2151 a.
121 2127 185 2152 11.:
219 2132 237 2148 «
254 2117 378 2152 Omne
405 2116 622 2163 superfluum
651 2117 687 2150 in
715 2116 782 2158 his,
808 2127 899 2162 quae
926 2115 970 2150 ad
997 2116 1169 2150 iustitiam
1204 2115 1399 2160 pertinent,
1424 2114 1481 2148 ln-

53 2189 154 2212 crum
180 2180 330 2212 extenso
356 2177 505 2211 nomine
532 2185 693 2218 vocatur,
719 2176 811 2210 sicut
838 2184 874 2210 et
902 2186 1024 2217 omne,
1053 2174 1149 2221 quod
1175 2174 1286 2207 minus
1320 2182 1388 2217 est,
1411 2185 1483 2208 vo-

53 2245 162 2271 catur
187 2235 365 2271 damnum.
383 2251 400 2267 »

155 2295 212 2340 (2)
241 2295 297 2330 Ad
324 2307 399 2330 rem
425 2294 584 2341 Struggl,
606 2294 736 2329 Theol.
759 2306 849 2328 mor.
868 2302 968 2328 tract.
988 2293 1051 2327 VI.
1072 2305 1103 2340 q.
1123 2293 1202 2327 VII.
1221 2304 1254 2327 a.
1273 2304 1298 2327 1.
1318 2303 1418 2326 num.
1441 2302 1481 2325 1.:

60 2368 83 2385 -«
107 2353 237 2389 Iniuria
264 2365 283 2388 a
308 2354 458 2400 simplici
483 2353 607 2400 offensa
634 2353 753 2388 differt
789 2364 851 2399 per
889 2353 972 2394 hoc,
999 2352 1096 2398 quod
1137 2353 1263 2386 iniuria
1290 2352 1336 2386 sit
1371 2351 1484 2385 laesio

57 2414 146 2447 iuris
172 2412 294 2456 alieni,
321 2413 474 2459 simplex
500 2413 639 2448 offensa
666 2424 752 2448 vero
780 2414 823 2447 sit
851 2412 971 2447 solum
998 2412 1111 2446 laesio
1140 2411 1355 2458 beneplaciti
1378 2410 1484 2444 alieni

58 2483 122 2507 seu
147 2472 298 2507 irritatio
325 2471 524 2507 voluntatis
550 2472 701 2513 alienae,
728 2482 795 2517 qua
822 2471 901 2517 quis
927 2470 1028 2506 alteri
1066 2478 1193 2505 contra
1233 2469 1309 2504 eius
1348 2467 1483 2502 volun-

55 2540 172 2566 tatem
200 2530 408 2566 molestiam
438 2530 553 2573 infert,
580 2539 613 2566 et
641 2530 740 2577 quasi
768 2530 821 2564 ius
857 2529 1002 2576 aliquod
1039 2529 1163 2564 tribuit
1190 2528 1232 2562 ad
1273 2528 1374 2564 iram.
1401 2526 1485 2572 quin

53 2601 180 2626 tamen
218 2589 365 2636 aliquod
404 2591 458 2624 ius
484 2590 712 2636 proprietatis
753 2589 881 2624 laedat.
910 2589 962 2624 Ita
988 2589 1199 2624 communis
1224 2588 1440 2622 Doctorum.
1458 2601 1478 2616 »
