1737 2802
762 78 1028 132 -246-

170 188 211 218 et
244 175 368 217 iussit
400 188 499 216 eum
547 170 739 228 crucifigi
773 184 814 214 et
863 172 983 229 quasi
1026 172 1115 229 ipse
1164 170 1340 226 occidit,
1374 183 1415 215 et
1446 187 1544 226 VOS,
1578 187 1608 218 o

170 246 328 299 Iudaei,
354 243 588 291 occidistis.
617 243 744 287 Unde
769 243 1020 286 occidistis?
1045 242 1201 287 Gladio
1225 243 1410 300 linguae:
1433 245 1608 290 acuistis

168 318 281 360 enim
317 315 482 371 linguas
517 327 694 357 vestras
721 315 774 357 Et
797 314 972 372 quando
1006 315 1297 373 percussistis,
1320 315 1401 358 nisi
1435 315 1608 373 quando

170 388 394 443 clamastis,
428 388 624 443 crucifige,
657 385 871 443 crucifige?
894 402 913 425 »

286 460 339 502 ΙΙ.
377 460 426 502 In
459 473 552 502 casn
591 466 728 500 autem
764 459 1013 500 necessariae
1046 457 1288 514 defensionis
1319 467 1460 502 contra
1491 458 1608 501 iniu-

164 540 272 575 stum
307 533 414 574 vitae
451 531 580 588 ipsius
616 545 906 586 aggressorcm,
933 530 1092 573 licitum
1124 545 1221 573 sanc
1253 539 1328 583 est,
1363 531 1485 574 etiam
1516 545 1605 575 cum

167 604 289 662 ipsius
323 618 421 656 neec,
451 607 665 661 propriam
699 603 804 645 tucri
838 603 984 655 vitam,
1019 609 1177 646 3ervato
1232 611 1366 646 tamen
1415 602 1604 647 modera-

166 675 270 718 mine
304 674 533 732 inculpatae
567 674 731 717 tutelae.
770 700 821 705 —
858 674 919 717 Ut
953 674 1127 717 alterius
1178 673 1306 717 huius
1356 675 1605 720 assertionis

164 748 320 790 veritas
355 746 462 789 clare
497 758 648 803 pateat,
680 747 813 803 primo
847 761 1114 802 exponemus
1139 758 1299 789 statum
1323 747 1602 804 quaestionis,

165 818 338 863 secundo
373 830 625 875 argumenta
663 817 819 875 quibus
853 819 1032 861 assertio
1081 817 1405 862 demonstratur
1452 818 1602 863 affere-

165 906 279 947 mus,
313 890 423 932 tertio
459 890 705 947 praecipuas
741 888 961 932 solvemus
996 888 1272 934 obiectioneS.

290 962 361 1003 1⁰.›
397 960 464 1004 Ad
502 973 659 1003 statum
711 961 976 1018 quaestionis
1026 960 1145 1018 quod
1193 973 1370 1019 spectat,
1406 974 1508 1005 nota
1554 962 1605 1018 α)

164 1047 411 1075 sermonem
445 1047 537 1074 esse
562 1031 612 1075 de
636 1032 788 1075 iniusto
821 1034 935 1075 vitae
959 1047 1196 1088 aggressore.
1222 1034 1470 1090 Aggressor
1492 1032 1601 1075 vitae

165 1105 340 1147 iniustus
373 1116 436 1146 est
472 1102 554 1160 ille,
587 1104 658 1160 qui
693 1104 757 1146 ius
793 1119 879 1146 non
914 1103 1039 1146 habet
1079 1103 1313 1161 impetendi
1362 1105 1495 1148 vitam
1544 1102 1601 1146 al-

164 1178 309 1219 terius.
344 1176 533 1218 Iniustus
568 1188 711 1218 autem
747 1188 888 1233 potest
923 1191 1015 1218 esse
1059 1174 1301 1233 dupliciter,
1334 1191 1492 1233 nempe
1532 1171 1602 1218 vel

164 1257 326 1291 tantam
360 1247 627 1291 materialiter
648 1247 714 1290 vel
747 1249 870 1290 ctiam
895 1247 1136 1296 formaliter.
1161 1248 1358 1291 Iamvero
1391 1262 1471 1290 nos
1495 1261 1602 1305 pro-

163 1320 254 1377 prie
299 1318 520 1377 loquimur
570 1319 620 1362 de
669 1334 922 1376 aggressore
971 1320 1132 1362 iniusto
1173 1319 1429 1377 formaliter,
1477 1319 1602 1362 cuius

162 1407 319 1449 nempe
352 1392 574 1449 aggressio
608 1391 662 1433 sit
694 1404 812 1434 actus
848 1391 1054 1434 humanm
1087 1391 1358 1434 voluntarius
1392 1403 1432 1434 et
1474 1389 1600 1446 liber,

162 1479 251 1507 non
284 1476 427 1507 autem
464 1477 580 1507 actus
615 1462 898 1506 solummodo
933 1465 1122 1516 hominis,
1159 1476 1205 1507 ut
1239 1465 1511 1522 contingeret
1552 1465 1596 1508 in

163 1535 365 1579 delirante
400 1535 465 1578 vel
512 1547 694 1590 amente,
731 1536 851 1578 cuius
886 1534 1046 1578 scilicet
1096 1548 1213 1578 actus
1262 1536 1305 1578 in
1355 1535 1596 1580 occidendo

161 1605 341 1650 alterum
376 1605 485 1649 foret
518 1607 673 1650 iniuria
706 1622 792 1650 non
828 1606 1037 1663 formalis,
1061 1606 1135 1651 sed
1165 1606 1472 1651 tantummodo
1507 1623 1599 1651 ma-

160 1677 316 1722 terialis
351 1677 430 1736 (1).
454 1702 510 1711 —
545 1679 714 1721 Dicitur
746 1677 797 1737 β)
823 1690 969 1721 contra
1002 1677 1130 1722 talem
1154 1694 1458 1736 aggressorem
1482 1679 1601 1724 licere

159 1750 381 1808 propriam
415 1750 525 1793 tueri
558 1751 707 1803 vitam,
742 1750 869 1793 etiam
901 1765 999 1792 cum
1024 1751 1159 1808 ipsius
1184 1766 1300 1794 nece:
1329 1765 1485 1809 nempe
1519 1765 1599 1808 po-

159 1832 357 1863 testatem
393 1820 601 1863 moralem
635 1836 710 1863 seu
748 1821 814 1863 ius
841 1822 994 1878 cuique
1023 1821 1161 1864 inesse
1185 1820 1236 1864 ad
1269 1820 1312 1864 id
1336 1819 1595 1866 faciendum.

158 1892 260 1936 Non
293 1903 437 1934 tamen
466 1900 540 1950 per
571 1907 609 1936 53
644 1892 840 1951 loquendo
887 1892 1010 1935 datur
1058 1891 1266 1950 obligatio
1301 1891 1345 1936 id
1393 1891 1596 1947 faciendi,

159 1962 233 2006 sed
266 1974 409 2020 potest
442 1964 537 2021 quis
571 1979 660 2007 non
693 1979 738 2007 se
762 1962 1004 2016 defendere,
1039 1977 1079 2007 et
1114 1964 1258 2022 potius
1282 1979 1411 2022 quam
1434 1962 1596 2007 inferre

159 2033 340 2078 tolerare
364 2048 566 2093 mortem,
589 2051 641 2079 ne
664 2051 966 2093 aggressorem
991 2036 1172 2093 perimat
1194 2050 1382 2093 eumque
1404 2046 1597 2093 exponat

158 2117 350 2150 aeternae
385 2105 662 2150 damnationi:
698 2107 770 2165 qui
805 2106 915 2150 foret
948 2120 1066 2150 actus
1114 2106 1243 2150 dandi
1291 2107 1429 2150 vitam
1474 2121 1596 2150 suam

255 2324 313 2370 (1)
341 2325 395 2360 Cf.
423 2337 538 2371 super.
567 2325 659 2361 thes.
686 2326 730 2361 11.
758 2337 839 2373 pag.
866 2336 922 2369 40.
951 2346 995 2352 —-
1022 2325 1182 2361 Adverte
1222 2337 1306 2361 cum
1340 2327 1521 2374 Vasquez‚
1546 2325 1595 2362 de

159 2384 270 2419 restit.
297 2395 375 2430 cap.
404 2384 448 2419 ΙΙ.
479 2385 510 2430 ᾗ.
544 2395 570 2420 1.
597 2385 679 2420 dub.
708 2395 740 2430 7.
757 2396 857 2420 num.
888 2395 958 2420 21.:
984 2385 1104 2420 «Non
1132 2397 1224 2432 opus
1251 2395 1317 2431 est,
1334 2395 1372 2422 ut
1399 2395 1594 2433 aggressus

159 2446 257 2492 prius
282 2447 327 2480 sit
353 2445 526 2490 offensus,
553 2446 608 2481 vel
637 2446 796 2493 aliquam
824 2446 997 2492 receperit
1023 2447 1191 2482 iniuriam
1217 2454 1276 2482 aut
1304 2446 1505 2481 laesionem
1543 2445 1590 2480 ab

158 2505 338 2548 invasore,
364 2505 426 2540 sed
453 2505 581 2539 sufficit
609 2505 705 2553 quod
732 2505 850 2540 videat
878 2505 1067 2540 inimicum
1093 2505 1326 2542 accedentem
1353 2516 1436 2540 cum
1461 2503 1591 2546 armis,

159 2573 323 2611 paratum
352 2567 467 2612 ipsum
495 2566 643 2612 aggredi
670 2575 704 2601 et
731 2564 896 2600 occidere
923 2575 983 2601 aut
1010 2565 1229 2600 mutilare.»
