1737 2802
0 0 39 92 Ἴ

80 111 84 114 .
47 0 101 70 ’,ῖὶζξ

42 239 138 283 nego
161 219 417 282 inquantum
441 217 545 267 sunt*
562 223 760 268 homines
784 226 822 268 ei
842 224 1037 282 aequales
1055 224 1335 282 eiusdemque
1358 226 1465 268 socii

41 311 149 341 conc.
167 294 376 339 Audiatur
393 311 545 338 rursus
568 296 780 354 Taparelli
800 297 873 353 (1):
900 314 919 337 α
942 297 995 340 Se
1014 296 1040 338 il
1064 295 1250 352 padrone
1271 296 1323 338 ha
1339 311 1464 340 verso

42 368 56 412 i
74 368 184 411 servi
202 366 325 410 molti
343 367 504 420 doveri‚
524 366 581 423 gli
600 367 653 409 ha
671 383 758 410 non
780 369 820 410 in
841 379 1000 425 quanto
1018 366 1143 424 quelli
1164 382 1243 409 son
1257 368 1381 424 servi,
1396 383 1466 410 ma

43 439 88 481 in
120 441 424 495 quanto'sono
475 438 642 480 uomini
687 438 774 494 pari
808 454 829 480 a
862 438 934 481 lui.
971 438 1038 482 Or
1071 437 1108 480 le
1142 450 1328 480 creature
1363 439 1464 480 irra-

42 508 262 567 gionevoli
296 524 384 552 non
419 508 559 552 hanno
584 509 693 552 altro
718 524 858 552 essere
893 508 1145 552 correlativo
1169 508 1392 565 all'uomo‚
1419 524 1463 551 se

43 595 132 624 non
166 579 208 623 di
241 581 370 637 servi3
395 582 548 638 perche
576 593 729 638 questo
753 582 774 623 e
797 581 823 622 il
847 580 942 624 loro
964 579 1060 624 fine.
1087 582 1273 637 Dunque
1294 580 1461 623 l'uomo

42 667 133 696 non
153 652 222 695 ‘ha
246 652 392 696 doveri
430 668 555 696 verso
579 653 620 695 di
645 668 748 696 esse.
768 669 787 692 n
829 653 1010 705 Scilicet,
1033 652 1154 695 bruta
1186 664 1298 708 sunt,
1327 651 1461 694 homo

42 738 131 767 non
180 736 243 766 est
280 739 427 767 servus
462 724 650 771 hominis
685 724 862 766 totaliter
895 739 942 766 ac
973 723 1222 780 simpliciter.

159 794 457 839 Nihilominus
490 810 626 852 neque
660 795 769 837 inter
801 795 1062 851 antiquiores
1111 792 1352 849 defuerunt,
1384 808 1461 836 nec

41 863 198 907 desunt
231 865 339 907 inter
372 867 646 922 recentiores,
680 866 750 922 qui
787 864 975 907 hominis
1009 863 1147 907 officia
1194 879 1293 921 erga
1340 863 1463 906 bruta

43 935 336 979 adstruant.—
370 937 428 979 Ut
462 936 509 978 ab
543 935 855 994 antiquioribus
884 936 1156 993 incipiamus,
1200 947 1356 977 notum
1399 946 1462 977 est

46 1005 152 1049 illud
187 1007 410 1050 Ciceronis
444 1008 538 1063 (2):
579 1026 598 1048 «
631 1008 731 1051 Non
766 1006 1005 1050 mediocres
1040 1007 1142 1062 viri,
1175 1005 1249 1049 sed
1286 1002 1463 1048 maximi

47 1090 88 1122 et
122 1077 252 1130 docti,
289 1079 554 1136 Pythagoras
588 1092 627 1122 et
661 1077 958 1136 Empedocles,
992 1093 1117 1120 unam
1143 1079 1341 1120 omnium
1375 1077 1462 1119 ani-

43 1150 257 1193 mantium
293 1149 588 1193 conditionem
621 1151 724 1192 iuris
758 1165 850 1193 esse
895 1148 1160 1202 denuntiant,
1198 1148 1462 1205 clamantque

43 1220 318 1279 inexpiabiles
352 1237 509 1279 poenas
543 1221 793 1280 impendere
826 1222 891 1278 iis,
924 1237 945 1263 a
978 1220 1132 1278 quibus
1170 1220 1374 1263 violatum
1410 1220 1464 1262 sit

44 1293 214 1336 animal.
259 1293 406 1337 Scelus
455 1306 517 1336 est
560 1294 692 1350 igitur
739 1308 893 1336 nocere
939 1292 1154 1335 bestiae.»
1195 1291 1322 1344 Quae
1364 1305 1496 1334 sane
1538 1300 1540 1302 ’

42 1377 132 1422 non
165 1363 243 1407 fuit
275 1366 483 1407 sententia
517 1364 647 1408 Tullii
682 1364 764 1407 alio
797 1364 894 1407 loco
917 1363 983 1421 (3)
1016 1364 1075 1405 sic
1109 1363 1283 1406 aientis:
1313 1362 1463 1415 «Quo

31 1434 174 1479 modo
207 1435 395 1478 hominis
429 1437 538 1478 inter
572 1435 770 1478 homines
806 1436 909 1477 iuris
944 1450 1036 1477 esse
1084 1433 1250 1476 vincula
1297 1446 1462 1491 putant,

39 1506 100 1549 sic
132 1506 299 1549 homini
331 1506 438 1549 nibil
470 1507 572 1549 iuris
606 1522 697 1549 esse
732 1522 827 1549 cum
877 1505 1038 1549 bestiis,
1085 1505 1302 1548 Praeclare
1345 1505 1460 1548 enirn

38 1578 326 1637 ChrysippuS,
359 1591 495 1622 eetera
527 1592 620 1621 nata
653 1594 744 1621 esse
778 1578 1007 1620 hominum
1042 1593 1164 1620 causa
1197 1589 1238 1619 et
1261 1575 1457 1629 deorum,

37 1665 113 1694 eos
145 1662 288 1693 autem
323 1650 644 1692 communitatis
678 1662 718 1692 et
751 1649 963 1691 societatis
998 1664 1113 1705 suae,
1141 1660 1186 1690 ut
1209 1647 1355 1690 bestiis
1383 1646 1460 1690 ho-

40 1721 178 1764 mines
213 1722 274 1763 uti
309 1719 359 1763 ad
392 1720 619 1763 utilitatem
653 1735 774 1762 suam
819 1720 984 1778 possint
1032 1720 1122 1762 sine
1156 1719 1319 1762 iniuria.
1345 1737 1367 1757 »
1403 1743 1460 1751 --

38 1791 148 1835 Item
184 1807 215 1834 s,
248 1792 516 1848 Augustinus
549 1790 615 1849 (4)
648 1791 845 1834 meminit
878 1789 1184 1848 quorumdam,
1217 1791 1288 1848 qui
1326 1808 1348 1829 «
1378 1789 1460 1832 hoc

39 1875 332 1921 praeceptum,
362 1878 442 1905 non
475 1862 636 1915 occides,
670 1863 797 1905 etiam
832 1863 873 1905 in
916 1861 1069 1905 bestias
1113 1875 1153 1904 et
1197 1877 1349 1919 pecora
1384 1877 1460 1904 co-

38 1945 195 1977 nantur
228 1933 472 1987 extendere,
508 1946 552 1976 ut
586 1948 637 1976 ex
672 1933 754 1976 hoc
786 1933 952 1976 nullum
986 1934 1182 1990 ipsorum
1205 1932 1326 1976 liceat
1350 1934 1460 1976 occi-

38 2000 154 2046 dere.
177 2018 197 2042 »
236 2002 289 2045 Et
320 2017 420 2045 sane
453 2003 488 2044 si
523 2001 724 2045 darentur
758 2000 897 2044 officia
930 2001 1118 2044 hominis
1174 2016 1273 2058 erga
1317 2000 1458 2054 bruta,

41 2071 126 2115 hoc
157 2071 373 2115 videretur
405 2088 497 2116 esse
531 2073 735 2130 primum,
769 2088 816 2115 ea
850 2087 937 2114 non
985 2071 1220 2115 occidendi.
1264 2073 1460 2115 Iamvero

36 2143 99 2186 sic
131 2143 376 2186 istiusmodi
409 2144 609 2186 homines
643 2155 816 2186 strenue
851 2155 974 2200 urget
1008 2159 1040 2185 s.
1077 2143 1276 2187 Doctor:
1313 2161 1336 2182 <‹
1371 2143 1460 2187 Cur

37 2229 127 2259 non
161 2231 263 2273 ergo
297 2228 338 2259 et
370 2215 538 2272 herbas,
571 2228 610 2259 et
645 2215 850 2273 quidquid
902 2215 1038 2258 humo
1088 2214 1288 2258 radicitus
1335 2215 1460 2258 alitur

127 2415 180 2462 (1)
209 2415 292 2450 Loc.
318 2427 414 2450 nunc
442 2417 502 2452 cit.

94 2510 98 2513 ,
131 2475 190 2520 (2)
217 2475 272 2509 De
298 2485 335 2509 re
360 2474 458 2521 publ.
488 2475 511 2510 1.
537 2475 599 2510 III.
625 2486 701 2521 cap.
736 2485 786 2509 11.

132 2535 190 2581 (3)
217 2536 273 2570 De
299 2534 359 2569 fin.
386 2535 473 2570 bon.
502 2544 534 2570 et
561 2535 644 2570 mal.
672 2535 692 2569 l.
722 2535 782 2569 ΙΙΙ.
810 2546 838 2570 c.
866 2544 922 2569 20.

132 2594 190 2639 (4)
217 2593 273 2628 De
299 2594 396 2647 ciyit.
426 2593 493 2628 Dei
521 2594 544 2628 1.
571 2594 594 2629 I.
624 2605 655 2629 c.
682 2604 736 2629 20.
