1737 2802
759 98 1026 152 -254-

180 190 347 249 petendi
383 191 546 248 privata
579 191 831 233 auctoritate
866 191 997 234 vitam
1033 190 1204 235 alterius
1249 193 1333 236 sine
1380 194 1607 238 necessitate

181 261 416 318 defensionis
449 273 511 303 est
544 273 660 303 actus
696 261 924 304 intrinsece
970 261 1107 305 malus
1158 262 1319 306 malitia
1367 263 1607 309 homicidii.

185 333 296 387 lirgo
330 330 520 374 duellum
556 344 618 374 est
653 345 768 374 actus
814 331 950 375 malus
1000 333 1165 376 malitia*
1204 333 1446 393 homicidii,
1479 349 1606 394 prout

184 402 469 445 homicidium
505 419 525 445 η
560 403 743 446 suicidio
778 403 1072 462 distinguitur.
1106 431 1163 436 —
1200 405 1335 458 Quod
1379 422 1608 465 argumen-
1667 396 1673 408 ’

183 485 275 516 tum
311 475 372 516 sic
406 486 547 530 potest
582 473 661 518 alio
697 474 830 517 modo
867 475 1062 532 proponi.
1090 474 1267 520 Occisio
1291 477 1478 534 alterius,
1500 493 1607 536 quae

184 559 270 586 non
303 546 356 587 sit
388 545 562 600 defensio
597 557 637 588 et
671 545 845 603 quidem
881 549 1121 604 necessaria,
1153 549 1186 590 si
1221 549 1382 605 privata
1415 550 1606 592 auctori-

184 630 268 659 tate
301 616 384 670 fiat,
419 630 481 660 est
515 619 742 661 intrinsece
777 618 898 663 mala.
932 620 1064 678 Atqui
1100 621 1260 664 occisio
1293 620 1479 675 alterius,
1502 637 1609 680 quae

187 690 227 730 in
263 689 406 732 duello
441 704 657 748 sequatur,
691 706 776 733 non
812 703 875 734 est
909 691 1102 749 defensio,
1139 705 1177 735 et
1201 692 1236 734 si
1270 705 1382 736 esset
1415 692 1609 737 defensio

185 775 270 803 non
305 772 447 803 tamen
493 774 604 804 esset
653 764 888 805 necessario.
925 763 1040 820 Ergo
1075 764 1236 807 occisio
1285 763 1470 821 alterius,
1503 780 1610 823 quae

191 831 230 872 in
267 830 408 874 duello
442 846 660 890 sequatur,
695 849 792 876 cuin
827 834 989 890 privata
1023 835 1273 878 auctoritate
1305 833 1394 889 fiat,
1429 847 1493 878 est
1539 835 1609 878 in-

187 902 368 945 trinsece
393 904 515 947 mala.
550 905 761 948 Probatur
785 907 930 949 minor.
961 905 1033 961 1⁰.)
1067 906 1167 949 Non
1193 917 1256 948 est
1283 905 1472 963 defensio.
1495 905 1610 950 Nam

186 975 380 1019 defensio
414 977 619 1034 supponit
655 978 978 1034 aggressionem
1013 976 1222 1020 actualem
1258 992 1439 1036 eamque
1488 977 1612 1020 invo-

185 1048 409 1092 luntariam
445 1065 495 1092 ex
529 1061 644 1106 parte
679 1047 788 1090 illius
814 1049 886 1106 qui
921 1049 1158 1106 impetitur,
1183 1064 1258 1091 seu
1293 1047 1483 1092 excludit
1516 1063 1612 1091 om-

183 1136 281 1163 nem
318 1120 426 1164 duos
463 1121 572 1163 inter
608 1119 914 1163 contendentes
951 1121 1164 1178 praeviam
1201 1119 1251 1164 de
1291 1119 1512 1184 conflictu.
1539 1120 1608 1162 in-

185 1191 329 1236 eundo
365 1191 711 1234 conventionem:
739 1192 780 1233 in
809 1190 954 1234 duello
989 1204 1131 1235 autem
1157 1190 1333 1235 habetur
1365 1190 1538 1249 praevia
1561 1190 1611 1234 de

188 1262 386 1305 conflictu
424 1263 672 1317 conventio,
699 1277 830 1320 eaque
855 1263 1038 1306 omnino
1063 1262 1449 1321 praedeterminata
1470 1262 1612 1321 quoad

186 1334 329 1377 locum
365 1346 405 1377 et
438 1347 610 1392 tempus
646 1346 685 1377 et
734 1350 863 1378 arma.
900 1334 976 1390 2⁰.)
1027 1335 1071 1378 Si
1122 1346 1232 1377 esset
1282 1333 1490 1392 defensio,
1524 1350 1612 1378 non

185 1418 326 1449 tamen
360 1419 470 1449 essct
504 1405 695 1449 defensio
731 1409 970 1452 necessaria.
994 1407 1108 1450 Nam
1144 1406 1196 1450 ad
1229 1407 1372 1464 ipsum
1397 1408 1610 1450 honorem

186 1476 441 1520 servandum
477 1490 625 1521 natura
667 1480 862 1535 suggerit
893 1479 1083 1522 remedia
1115 1478 1193 1522 alia
1227 1479 1413 1522 maxime
1461 1477 1614 1533 facilia,

187 1548 340 1592 idonea
373 1561 411 1591 et
447 1549 626 1593 honesta
660 1551 735 1607 (1).

187 1795 362 1832 acceptas.
388 1787 472 1822 Non
501 1799 587 1833 ergo
616 1788 764 1831 occidis,
792 1798 828 1823 ut
855 1802 889 1825 te
917 1789 1089 1824 defendas
1115 1790 1157 1824 ab
1185 1788 1350 1824 occidere
1378 1788 1536 1832 volente,
1554 1787 1617 1824 sed

187 1855 224 1879 ut
254 1846 343 1880 vires
369 1855 403 1881 et
430 1846 599 1882 virtutem
629 1849 808 1883 ostendas
839 1849 962 1891 Quare
989 1858 1111 1884 manet
1139 1849 1199 1884 illa
1227 1849 1366 1884 occisio
1394 1859 1538 1895 semper
1565 1847 1617 1882 in-

189 1905 342 1939 trinsece
381 1905 486 1948 mala,
518 1918 598 1940 curn
638 1907 680 1942 sit
721 1909 846 1942 occisio
881 1909 1026 1954 privata
1063 1910 1132 1943 sine
1170 1910 1363 1943 necessitate
1400 1906 1617 1954 defensionis.

188 1964 386 2009 Acceptare
414 1977 500 2012 ergo
528 1966 690 2000 duellum
717 1968 782 2002 erit
801 1977 989 2013 acceptare
1009 1968 1244 2003 occasionem
1264 1967 1452 2003 occidendi
1471 1967 1615 2010 iniuste,

189 2034 296 2071 atque
322 2025 404 2060 ideo
433 2026 499 2060 erit
526 2026 720 2062 intrinsece
758 2027 854 2062 mala
881 2029 1035 2074 ipsamet
1074 2028 1287 2074 acceptatio,
1313 2027 1396 2074 quia
1422 2035 1475 2062 est
1511 2037 1616 2061 acce-

189 2085 300 2128 ptatio
320 2085 369 2118 rei
388 2085 582 2120 intrinsece
601 2086 731 2121 malae.
747 2101 764 2117 »
796 2087 838 2121 Et
858 2087 968 2132 paulo
988 2086 1133 2122 inferius
1151 2088 1200 2122 ita
1219 2087 1344 2134 pergit:
1376 2101 1392 2116 α
1407 2086 1442 2121 Si
1470 2086 1617 2121 invasor

188 2143 339 2178 iniustus
366 2143 453 2178 velit
481 2153 515 2179 te
544 2145 719 2188 occidere,
747 2146 816 2180 nisi
843 2146 1006 2181 duellum
1034 2156 1208 2193 acceptes,
1236 2155 1332 2188 tunc,
1351 2145 1380 2180 si
1408 2144 1512 2181 aliter
1538 2157 1619 2180 eva·

189 2202 272 2236 dere
298 2214 372 2237 non
401 2204 529 2249 possis,
548 2203 645 2239 licite
671 2204 759 2239 illud
781 2214 959 2252 acceptas,
978 2207 1060 2253 quia
1087 2206 1224 2241 occisio
1244 2206 1422 2240 invasoris
1448 2206 1513 2240 erit
1532 2212 1618 2240 tunc

188 2261 333 2303 defensio
360 2264 596 2298 necessaria.»
638 2264 781 2310 Nempe
820 2266 854 2299 in
895 2265 1081 2311 praedicto
1108 2276 1190 2300 casu
1222 2273 1344 2311 posset
1371 2265 1408 2299 in
1436 2263 1621 2299 continenti

190 2330 310 2366 pugna
339 2320 513 2356 inchoari:
551 2334 620 2357 nec
647 2323 801 2369 proinde
840 2334 924 2360 tunc
964 2325 1161 2360 haberetur
1191 2325 1337 2371 proprie
1376 2323 1551 2366 duellum,
1575 2322 1620 2357 de

188 2378 288 2413 cuius
315 2381 454 2414 ratione
482 2382 548 2423 est,
577 2391 614 2417 ut
642 2381 702 2417 fiat
730 2394 770 2417 ex
797 2383 962 2427 condicto,
990 2383 1051 2418 sed
1079 2384 1274 2419 haberetur
1302 2382 1466 2418 defensio
1493 2390 1619 2417 contra

189 2437 360 2472 iniustum
389 2440 481 2474 vitae
508 2452 774 2487 aggressorem.

281 2496 332 2542 (1)
359 2496 413 2533 Cf.
442 2498 577 2544 Gerffil,
605 2512 664 2546 op.
693 2501 752 2536 cit.
777 2502 881 2548 chap.
905 2512 966 2547 1;.:
985 2500 1315 2548 Taparelli‚saggio
1334 2506 1448 2537 teoret.
1467 2499 1551 2535 diss.
1571 2499 1618 2534 11.

186 2568 266 2603 cap.
293 2569 325 2600 4.
354 2570 453 2594 num.
485 2568 562 2605 395.
591 2572 691 2607 segg.
