1737 2802
849 137 1084 192 -93-

256 234 474 292 discipulis
523 233 827 290 intelligentur.
861 232 1017 290 Neque
1067 232 1181 274 enim
1236 230 1429 274 oblivisci
1473 229 1679 276 debemus

257 306 369 348 illam
405 305 540 350 Tullii
575 304 828 348 sententiam
861 302 949 362 (1):
990 321 1009 344 «
1041 303 1145 347 Non
1178 302 1322 346 solum
1369 303 1477 346 scire
1519 302 1678 361 aliquid

255 379 354 421 artis
389 389 466 433 est,
499 376 573 420 sed
607 375 813 434 quaedam
847 390 912 418 ars
947 387 1009 417 est
1042 375 1168 417 etiam
1204 372 1400 417 docendi.
1434 390 1454 413 »

373 450 462 492 Iam
498 450 637 505 itaque
671 463 692 490 a
725 446 974 505 quaestione
1009 445 1059 488 de
1092 446 1182 488 iure
1217 444 1447 503 officioque
1476 446 1519 488 in
1538 460 1678 503 genere

253 521 451 578 spectatis
487 518 788 577 progredimur
812 517 863 560 ad
888 517 1186 575 quaestionem
1211 517 1518 574 particularem:
1545 531 1678 574 quae-

251 608 350 636 nam
386 594 424 634 in
457 593 579 650 specie
614 592 698 634 sint
745 588 950 633 naturalia
999 589 1188 632 hominis
1221 589 1311 631 iura
1360 601 1401 632 et
1434 587 1586 632 officia.
1619 613 1677 622 -

252 665 387 706 Visne
420 662 624 706 naturalia
658 662 760 705 hacc
804 661 992 704 hominis
1038 662 1128 703 iura
1161 672 1200 703 et
1235 658 1374 703 officia
1424 675 1512 703 uno
1544 658 1676 703 veluti

251 737 407 779 intuitu
443 747 662 792 perspecta
685 733 867 777 habere?
891 732 1117 777 Naturales
1145 732 1308 789 respice
1332 731 1572 776 relationes:
1607 747 1675 775 eas

251 824 421 865 nempe,
466 822 569 864 quas
613 805 748 848 homo
799 804 923 848 habet
956 829 1012 836 —
1045 804 1096 847 ad
1145 804 1308 856 Deum,
1347 815 1498 861 utpote
1546 818 1674 847 suum

250 893 470 923 auctorem
494 877 624 920 —ad
657 877 760 920 alios
795 877 1009 933 homines,
1043 888 1191 934 utpote
1225 875 1303 918 sibi
1339 874 1535 934 aequales
1568 874 1675 918 sibi-

251 968 333 1009 que
367 952 509 995 socios
543 976 598 983 —
632 949 682 992 ad
716 950 1012 1006 semetipsum.
1049 948 1137 990 Has
1177 948 1292 991 enim
1336 946 1562 991 relationes
1597 961 1672 990 seu

250 1023 364 1066 hunc
396 1023 627 1066 naturalem
663 1021 860 1064 ordinem
899 1020 964 1063 lex
997 1019 1198 1063 naturalis
1238 1020 1524 1062 «conservari
1555 1019 1674 1064 iubet

248 1094 487 1153 perturbari
520 1106 644 1147 vetat,
678 1110 697 1133 »
738 1094 943 1150 praecipit
977 1093 1198 1146 nimirum,
1233 1104 1278 1135 ut
1312 1091 1415 1136 illud
1447 1091 1517 1135 fiat
1544 1091 1676 1136 illud-

248 1182 330 1224 que
364 1166 604 1218 omittatur‚
640 1164 757 1223 quod
791 1164 1002 1208 naturales
1036 1181 1107 1208 eae
1131 1164 1356 1208 relationes
1379 1163 1468 1208 fieri
1493 1165 1672 1223 exigunt

246 1237 312 1280 vel
346 1238 503 1280 omitti.
538 1238 599 1280 Ex
632 1236 715 1281 hoc
738 1249 877 1280 autem
913 1236 1114 1280 naturalis
1151 1236 1255 1294 legis
1299 1248 1524 1294 praecepto
1565 1253 1669 1281 ena-

247 1322 425 1352 scuntur
460 1308 597 1352 officia
632 1321 725 1350 tum
762 1307 1036 1351 individuali-a
1069 1321 1162 1350 tum
1197 1308 1367 1351 socialia
1394 1324 1492 1366 erga
1526 1309 1670 1353 Deum

246 1406 303 1414 —
338 1382 427 1424 iura
461 1380 685 1438 officiaque
719 1380 995 1424 individualia
1027 1381 1132 1423 item
1168 1392 1208 1424 et
1241 1381 1411 1425 socialia
1434 1396 1533 1439 erga
1566 1381 1670 1425 alios

246 1452 464 1506 homines,
490 1468 536 1496 ac
560 1452 736 1496 deinum
762 1452 1028 1495 -hominis
1062 1451 1203 1496 officia
1236 1468 1337 1510 erga
1370 1454 1671 1511 semetipsum.

248 1672 334 1706 iuris
361 1684 379 1707 a
406 1673 500 1706 Kant
527 1672 670 1707 tradita:
699 1672 750 1706 ius
788 1679 832 1706 es!
863 1677 1014 1719 potestas
1053 1673 1209 1709 eliciendi
1234 1685 1287 1709 eas
1327 1674 1488 1716 actiones,
1525 1683 1668 1719 quarum

246 1731 467 1773 exercitium,
487 1732 643 1777 quamvis
661 1731 862 1773 universale,
884 1732 1135 1767 coexistentiam
1156 1733 1316 1777 aliorum,
1329 1737 1438 1780 prout
1454 1732 1544 1768 entia
1562 1732 1672 1767 libera

245 1794 332 1832 sunt,
357 1802 422 1824 non
450 1789 597 1837 impedit.
638 1790 763 1825 Unum
804 1791 846 1825 de
884 1791 951 1826 hac
986 1791 1198 1827 definitione
1232 1792 1316 1827 iuris
1353 1792 1427 1827 hoc
1463 1793 1548 1828 loco
1586 1792 1669 1827 ani-

245 1850 494 1885 madvertam:
536 1850 671 1886 multae
707 1860 860 1897 possunt
899 1863 975 1887 esse
1003 1861 1037 1887 et
1069 1861 1151 1887 sunt
1188 1854 1362 1897 actiones,
1389 1864 1478 1900 quae
1512 1852 1668 1887 aliorum

245 1910 517 1944 coexistentiam
547 1918 580 1944 et
607 1909 806 1946 libertatem
834 1922 908 1945 non
937 1912 1152 1958 impediunt,
1179 1913 1264 1960 quin
1291 1922 1413 1948 tamen
1442 1912 1496 1947 ius
1528 1912 1572 1947 ad
1611 1924 1669 1948 eas

243 1969 432 2014 ponendas
459 1969 533 2003 dari
560 1978 680 2016 queat,
707 1981 751 2005 eo
780 1970 870 2016 quod
897 1971 1156 2017 prohibeantur
1182 1971 1263 2018 lege
1291 1971 1457 2015 naturali,
1471 1981 1596 2019 utpote
1623 1971 1667 2008 de

243 2039 281 2064 se
319 2029 448 2071 malae,
475 2028 532 2063 vel
557 2039 599 2064 vo
627 2029 723 2076 quod
750 2029 830 2076 lege
859 2030 1013 2076 positiva
1038 2039 1214 2067 vetentur.

341 2087 399 2133 (1)
426 2089 481 2122 De
508 2087 583 2134 leg.
612 2087 635 2123 1.
665 2088 709 2122 ΙΙ.
736 2099 765 2123 c.
801 2100 848 2136 19.
