1737 2802
695 141 958 184 -107-

118 251 171 258 —
205 237 269 269 est
299 233 441 268 auctor
472 239 618 267 earum
651 239 812 277 rerum,
846 239 1027 282 quarum
1061 236 1123 266 est
1156 222 1252 266 finis
1273 249 1325 254 —
1345 235 1408 266 est
1441 221 1537 266 finis

115 295 366 341 earumdem
399 295 584 352 ultimus,
616 309 703 338 non
737 308 879 339 autem
902 294 1209 338 tantummodo
1236 295 1457 352 proximus
1480 319 1538 327 —

106 382 349 426 earumque
367 365 464 409 finis
488 379 551 410 est
573 367 838 410 essentialiter
859 379 985 424 atque
1019 368 1238 419 intrinsece,
1273 381 1359 408 non
1392 378 1536 408 autem

116 454 167 482 ex
197 439 429 482 extrinseca
461 453 507 480 ac
538 436 721 494 benigna
753 436 927 480 alicuius
961 436 1253 480 ordinatione:
1299 435 1402 478 haec
1433 451 1537 479 vero

113 510 194 552 tria
226 509 393 552 homini
425 524 513 552 non
547 521 811 566 competunt.

233 581 371 639 Alios,
417 582 492 639 qui
538 580 632 624 addi
678 593 868 637 possent,
913 581 1041 624 divini
1076 581 1118 623 in
1151 595 1230 623 nos
1264 579 1444 622 dominii
1478 580 1530 622 ti-

113 651 228 696 tulos
250 652 322 711 (1)
344 652 742 710 praetermittimus,
777 667 994 694 memores
1028 651 1138 694 illius
1173 650 1416 694 Aristotelis
1439 665 1536 693 mo-

112 724 188 766 niti
208 722 372 781 (2).·013
397 721 458 766 δεῖ
479 719 522 766 δὲ
547 726 633 766 πᾶν
654 721 900 784 πρὸἓὶῃμα
922 719 1020 766 οὐδὲ
1046 725 1199 765 πᾶσαν
1226 720 1338 765 θέσιν
1363 720 1532 764 ἐπισκο-

115 798 218 848 πεῖν,
253 791 425 844 ἀλλ’ἣν
451 793 706 853 ἀπορήσειεν
731 793 784 838 ἄν
818 809 880 846 τις
914 797 1000 837 τῶν
1035 791 1169 852 λόγου
1205 789 1421 850 δεομένων
1455 788 1535 835 καὶ

114 865 179 925 μὴ
212 864 422 918 κολάσεως
455 865 481 917 ἢ
516 864 768 917 «tce-ecem.
802 866 904 909 Non
940 877 1109 922 oportet
1133 877 1274 907 autem
1300 879 1378 907 nos
1403 878 1535 906 omne

115 937 335 996 problema
367 953 444 980 nec
476 953 652 981 omnem
682 937 835 980 thesim
873 937 915 979 in
949 937 1244 994 quaestionem
1272 951 1438 990 vocare,
1462 934 1536 978 sed

113 1008 166 1053 de
199 1025 281 1067 qua
314 1022 486 1067 quaerat
521 1009 670 1066 aliquis
704 1024 872 1065 eorum,
905 1009 978 1066 qui
1012 1008 1165 1050 ratione
1208 1006 1414 1063 indigent,
1448 1022 1536 1050 non

113 1094 254 1124 autem
285 1090 413 1139 poena
445 1093 516 1124 aut
549 1097 690 1124 sensu.
717 1080 976 1137 Exemplum
1002 1092 1142 1121 autem
1168 1078 1355 1135 theseos,
1381 1077 1431 1120 de
1455 1093 1536 1135 qua

114 1151 321 1195 dubitanti
370 1153 534 1210 imponi
583 1151 706 1195 debet
735 1160 880 1209 poena,
925 1165 1012 1193 non
1061 1162 1205 1194 autem
1249 1149 1335 1192 dem
1353 1151 1534 1193 -nstratio

207 1389 261 1434 (1)
284 1390 340 1423 De
366 1400 530 1424 concursu
557 1401 590 1423 e.
619 1401 650 1434 g.
678 1389 766 1423 nihil
789 1389 956 1424 diximus.
990 1410 1023 1413 -—
1057 1389 1265 1424 Concursus
1300 1397 1422 1434 potest
1459 1399 1538 1424 esse

107 1450 265 1498 physicus
291 1448 347 1483 vel
374 1451 524 1484 moralis:
551 1458 603 1484 est
632 1449 812 1495 physicus,
839 1449 984 1495 quando
1012 1451 1090 1496 quis
1121 1458 1157 1484 ut
1184 1460 1290 1483 causa
1313 1449 1455 1496 physica
1482 1450 1539 1483 in-

111 1509 190 1544 fluit
214 1509 251 1543 in
281 1508 561 1554 productionem
588 1508 754 1551 effectus,
777 1518 829 1544 est
859 1509 1019 1550 moralis,
1037 1510 1181 1556 quando
1211 1510 1287 1556 quis
1314 1509 1349 1542 in
1378 1520 1457 1543 earn
1480 1509 1535 1542 in-

111 1570 187 1604 fluit
213 1579 250 1604 ut
277 1580 384 1603 causa
409 1569 565 1611 moralis,
592 1580 622 1603 e.
641 1581 676 1614 g.
698 1569 868 1611 iussione,
899 1570 1077 1614 precibus,
1095 1570 1204 1603 minis
1224 1578 1292 1605 etc,
1321 1568 1382 1615 (cf,
1412 1568 1484 1602 vol.
1509 1578 1536 1602 1.

109 1630 201 1666 theS.
226 1629 342 1664 XVII.
361 1640 440 1675 pag.
472 1637 552 1671 150.
572 1628 696 1663 adnot.
722 1635 782 1671 1¹¹¹„
802 1628 862 1662 ubi
889 1629 1148 1674 explicavimus
1167 1629 1384 1663 divisionem
1405 1640 1536 1664 causae

108 1690 145 1724 in
169 1690 343 1737 physicam
369 1697 402 1723 et
428 1689 618 1732 moralem).
643 1689 777 1723 Rursus
803 1700 1000 1723 concursus
1028 1698 1148 1734 po'est
1175 1699 1251 1722 esse
1279 1687 1449 1722 mediatus
1479 1688 1536 1722 vel

104 1747 332 1784 immediatus:
359 1757 411 1782 est
439 1747 628 1789 mediatus,
659 1748 802 1794 quando
831 1748 909 1794 quis
936 1748 1036 1782 alteri
1065 1749 1124 1782 dat
1145 1747 1293 1793 aliquid,
1323 1747 1419 1793 quod
1441 1759 1536 1782 con-

111 1808 177 1844 fert
204 1808 248 1844 ad
274 1808 547 1855 productionem
576 1807 739 1850 effectus,
769 1820 798 1842 e.
828 1820 863 1854 g.
894 1808 920 1842 si
948 1809 1026 1855 quis
1054 1808 1210 1855 gladium
1233 1808 1378 1853 praebet
1405 1808 1535 1841 sicario

110 1869 154 1904 ad
180 1869 434 1904 occidendum:
463 1878 514 1904 est
540 1868 783 1909 immediatus,
811 1868 957 1915 quando
986 1869 1063 1914 quis
1083 1868 1227 1902 actione
1245 1879 1307 1902 sua
1334 1867 1468 1902 directe
1485 1869 1538 1902 in-

109 1929 184 1964 fluit
210 1931 246 1964 in
272 1930 386 1976 ipsam
415 1929 560 1964 alterius
588 1930 770 1963 actionem
801 1937 834 1963 et
863 1928 1143 1974 productionem
1172 1927 1331 1962 effectus.
1361 1948 1406 1953 —
1436 1928 1534 1961 Iam-

109 2001 194 2025 vero
221 1990 336 2024 homo
363 1990 453 2024 sicut
479 1989 616 2033 indiget
643 1989 710 2023 Dei
738 1989 1015 2023 conservatione
1050 1999 1087 2023 ut
1131 1988 1283 2022 existere
1322 1996 1460 2034 pergat,
1488 1988 1536 2021 ita

107 2049 242 2096 indiget
257 2049 394 2095 physico
414 2057 447 2083 et
467 2046 666 2081 immediato
690 2047 757 2082 Dei
777 2058 965 2090 concursu,
986 2057 1022 2082 ut
1044 2046 1174 2093 aliquid
1194 2056 1286 2093 agat.
1307 2046 1394 2080 Inde
1414 2055 1533 2081 autem

108 2119 227 2143 rursus
253 2109 287 2142 in
314 2109 463 2142 homine
490 2110 668 2143 enascitur
693 2108 856 2143 officium
894 2107 1034 2143 colendi
1079 2117 1111 2143 et
1146 2107 1291 2141 amandi
1318 2107 1391 2141 Ens
1431 2106 1534 2149 illud,

109 2168 184 2201 sine
209 2167 309 2201 cuius
335 2167 488 2213 physico
516 2178 549 2202 et
566 2167 779 2202 immediato
802 2166 938 2201 influxu
967 2179 1020 2208 ea,
1043 2178 1131 2213 quae
1159 2167 1245 2212 agit,
1273 2167 1425 2200 minime
1444 2177 1530 2211 ope·

110 2236 257 2261 raretur.

203 2288 254 2330 (2)
280 2286 374 2322 Vide
399 2299 513 2333 super.
541 2286 613 2322 vol.
644 2288 668 2322 Ι.
696 2288 745 2322 th.
771 2288 869 2322 XIX.
898 2299 977 2333 pag.
1011 2286 1082 2330 167.
1106 2288 1186 2333 Ipse
1212 2287 1378 2328 Hobbes‚
1408 2287 1450 2321 de
1470 2287 1538 2320 ho-

108 2346 206 2380 mine
232 2357 307 2392 cap.
330 2356 394 2390 14,
415 2361 431 2377 «
451 2358 566 2394 neque
593 2348 706 2390 enim,
733 2348 794 2382 ait.
822 2360 864 2381 an
894 2347 1095 2381 honorifice
1123 2347 1165 2381 de
1194 2349 1273 2382 Deo
1302 2347 1532 2382 sentiendum

107 2406 164 2446 sit,
189 2417 304 2451 neque
323 2417 367 2440 an
393 2407 436 2440 sit
456 2407 641 2448 amandus,
668 2406 863 2447 timendus,
885 2406 1057 2441 colendus
1076 2407 1231 2441 dubitari
1252 2415 1382 2452 potest.
1402 2419 1424 2439 >>
1441 2406 1534 2440 Vide

109 2466 232 2506 etiam,
251 2476 342 2511 quae
359 2477 402 2499 ex
428 2465 508 2510 ipso
527 2466 694 2500 Vonaire
720 2465 949 2507 adduximus,
972 2477 1091 2511 super.
1111 2467 1183 2500 vol.
1205 2467 1231 2500 1.
1254 2466 1343 2500 thes
1364 2465 1531 2500 XXXIII.

108 2536 188 2571 pag.
215 2535 306 2569 277.:
335 2540 352 2556 ⁴<
371 2525 414 2560 D'
435 2537 482 2559 un
511 2527 597 2560 bout
626 2526 669 2559 du
698 2526 832 2560 monde
859 2529 878 2560 ἐι
909 2525 1048 2561 l'autre
1075 2526 1144 2561 elle
1172 2526 1224 2570 (la
1262 2525 1310 2560 loi
1338 2525 1532 2570 naturelle)

110 2584 221 2630 parle,
251 2585 318 2620 elle
347 2586 429 2620 crie:
456 2584 568 2621 Adora
593 2597 638 2619 un
668 2587 771 2626 Dieu,
798 2588 871 2620 sois
901 2589 992 2632 juste
1018 2596 1052 2622 et
1079 2586 1192 2621 cheris
1220 2596 1255 2622 ta
1283 2586 1440 2633 patrie.»
