1737 2802
297 197 353 243 89.
381 197 592 240 Scholion,
616 216 663 223 —
690 196 823 233 Utrum
851 197 933 239 sint,
956 206 990 232 et
1017 197 1166 244 quinam
1195 197 1266 232 sint
1289 196 1390 240 fines,
1416 205 1516 232 extra

393 267 484 303 quos
511 257 538 290 si
567 257 761 302 occupatio
789 268 826 291 se
852 268 890 291 se
916 256 1093 303 porrigat,
1122 257 1193 291 iam
1219 256 1425 303 legitimum
1464 256 1514 291 rei

391 315 595 350 dominium
624 315 775 349 minime
793 315 998 361 acquiritur.
1019 335 1058 340 —
1081 315 1216 350 Utrum
1236 315 1429 360 occupatio
1456 313 1518 348 ha·

392 376 473 410 beat
501 375 610 408 etiam
650 374 784 409 limites
822 386 865 409 ex
903 384 1003 421 parte
1041 374 1220 420 Principis
1258 373 1387 416 civilis,
1415 374 1520 408 cuius

392 435 562 480 potestati
588 435 772 469 subdatur.
842 461 1513 477 ............

204 496 384 540 Thesis
415 495 584 537 XXIX.
619 520 675 525 .-
710 495 771 537 Da
804 495 1004 537 sententia
1040 493 1349 537 Socialist'arum
1382 493 1515 537 tribu-

382 568 536 608 entium
569 574 755 623 supremo
789 567 984 609 societatis
1017 565 1265 609 moderatori
1291 565 1517 624 quamdam

381 638 508 680 veluti
530 638 866 694 ommipotentiam
890 639 931 680 in
950 639 1120 695 privata
1142 638 1295 681 civium
1317 636 1515 680 dominia.

299 720 357 757 90.
384 710 696 744 Praenotiones.
722 729 765 734 —-
783 710 958 744 Dominia
976 710 1114 756 privata
1129 709 1520 756 impugnant—com-

397 769 576 803 munistae
603 787 646 794 —
675 768 892 803 socialistae:
922 790 963 795 —
990 769 1026 803 in
1055 781 1125 816 quo
1164 770 1384 804 conveniant
1421 789 1459 796 -—
1482 769 1519 803 in

399 839 469 874 quo
497 829 640 874 proprie
679 827 856 864 differant.
885 849 926 853 —-
957 829 1030 864 Cur
1068 829 1105 863 in
1143 839 1317 863 sermone
1352 827 1519 864 familiari

398 888 507 923 simul
534 887 708 923 confundi
735 888 893 923 soleant.
973 916 1514 926 ..........

301 958 354 996 91.
382 949 703 983 Demonstratio.
740 968 787 974 -
821 949 968 982 Falsum
1007 958 1060 984 est
1099 948 1333 995 principium,
1372 949 1408 983 in
1447 960 1518 996 quo

398 1007 526 1053 opinio
551 1007 816 1042 socialistarum
843 1017 881 1042 ut
907 1007 944 1041 in
969 1019 1032 1042 sua
1052 1009 1128 1042 basi
1146 1007 1329 1043 fundatur:
1346 1007 1520 1043 nimirum

397 1067 594 1112 —privata
622 1067 753 1101 civium
780 1067 941 1101 dominia
968 1067 1107 1102 institui
1134 1079 1195 1102 seu
1221 1068 1306 1102 oriri
1333 1080 1352 1102 a
1371 1067 1521 1114 politica

400 1127 626 1169 auctoritate,
653 1135 840 1173 tamquam
867 1139 886 1161 a
913 1127 1030 1173 prima
1055 1139 1161 1162 causa
1187 1139 1250 1162 seu
1289 1127 1400 1163 fonte.
1453 1155 1460 1161 .

303 1197 363 1235 92.
393 1187 606 1222 Scholion.
647 1207 695 1213 —
738 1186 925 1228 Quidnam
967 1188 1137 1233 princeps
1180 1187 1294 1222 civilis
1337 1197 1520 1234 praestare

400 1247 513 1292 possit
533 1247 624 1280 circa
643 1246 782 1291 privata
802 1246 934 1280 civium
962 1246 1137 1282 dominia:
1172 1270 1198 1273 —
1222 1259 1261 1281 ea
1281 1247 1421 1294 legibus
1447 1249 1521 1283 suis

401 1307 491 1340 tueri
519 1316 553 1340 et
580 1305 749 1343 adiuvare
767 1325 809 1330 -—
831 1305 1028 1352 eademque
1055 1306 1196 1353 legibus
1215 1307 1287 1341 suis
1306 1307 1522 1342 coordinare

398 1366 441 1399 ad
474 1366 611 1400 bonum
651 1375 857 1400 commune.
886 1386 929 1392 —-
957 1365 1012 1399 De
1050 1366 1229 1412 legalibus
1267 1366 1406 1409 formis,
1433 1378 1520 1413 quas

402 1437 467 1471 pro
507 1424 692 1459 validitate
730 1433 980 1459 contractuum
1019 1434 1139 1470 potest
1177 1434 1345 1461 statuere.
1382 1446 1424 1452 —
1466 1426 1522 1461 De

402 1484 702 1531 praescriptione.
731 1503 774 1509 —-
803 1485 858 1518 De
885 1483 1116 1519 distinctione
1142 1484 1294 1519 dominii
1334 1485 1370 1519 in
1409 1485 1522 1520 altum

401 1553 435 1579 et
460 1543 610 1578 humile.
627 1564 674 1569 —
692 1544 822 1578 Utrum
850 1543 939 1577 haec
967 1544 1039 1578 sint
1066 1553 1166 1578 actus
1192 1545 1524 1590 comproprietatis‚

403 1616 511 1650 quarn
531 1615 592 1638 rex
619 1603 792 1649 politicus
818 1603 948 1638 habeat
967 1604 1003 1638 in
1024 1604 1166 1649 privata
1193 1603 1324 1637 civium
1344 1593 1521 1638 dominia.

404 1683 447 1690 —-
477 1663 577 1706 Quid
603 1675 677 1698 non
705 1663 819 1709 possit
845 1664 1011 1709 princeps
1038 1663 1151 1697 civilis
1156 1690 1517 1700 .......

214 1721 395 1768 Thesis
428 1724 576 1767 XXX.
612 1750 662 1754 ——
700 1724 762 1766 De
797 1723 882 1765 iure
916 1722 1103 1766 testandi.
1141 1756 1149 1765 .

307 1804 364 1842 93.
392 1796 704 1830 Praenottones.
731 1814 775 1820 -—
805 1794 904 1837 Quid
923 1794 965 1828 de
982 1794 1053 1828 hoc
1073 1795 1147 1829 iure
1175 1795 1332 1830 sentiant
1358 1806 1525 1830 commu-

405 1854 531 1888 nistae:
559 1873 602 1879 —
630 1853 716 1900 quid
744 1853 959 1888 socialistae.
1036 1880 1524 1890 .........

309 1924 365 1960 94.
393 1914 713 1948 Demonstratio.
741 1932 784 1938 —
818 1924 844 1947 1.
873 1913 1101 1956 Dominium,
1129 1913 1226 1961 quod
1252 1915 1360 1949 etiarn
1400 1913 1526 1960 privati

407 1973 541 2008 habent
567 1973 603 2006 in
631 1984 686 2006 res
712 1973 890 2018 proprias,
919 1972 1176 2018 complectitur
1202 1984 1345 2020 quoque
1385 1974 1438 2007 ius
1473 1981 1527 2008 te-

404 2034 534 2068 standi:
563 2034 735 2079 probatur
755 2053 797 2058 ——
817 2044 860 2066 ex
888 2043 1067 2067 consensu
1093 2032 1288 2067 hominum
1309 2053 1350 2058 —
1372 2044 1414 2068 ex
1440 2044 1528 2068 con·

408 2102 512 2139 ceptu
541 2093 618 2138 ipso
636 2092 787 2126 dominii
815 2093 1054 2138 proprietatis.
1072 2112 1116 2118 —
1134 2093 1264 2128 Utrum
1292 2104 1310 2127 e
1337 2092 1527 2139 sepulchro

407 2153 567 2188 defuncti
596 2152 789 2198 disponant
816 2152 859 2186 de
887 2153 991 2186 rebus
1017 2152 1106 2186 olim
1133 2153 1219 2187 suis.
1240 2173 1287 2179 --
1313 2163 1346 2188 2.
1374 2153 1432 2187 Ius
1458 2153 1528 2187 hoc

407 2213 562 2249 testandi
589 2212 753 2258 procedit
780 2212 822 2246 ab
859 2213 939 2257 ipso
979 2212 1055 2246 iure
1094 2212 1258 2247 naturali:
1285 2212 1458 2258 probatur
1483 2230 1528 2238 -

409 2284 451 2307 ex
478 2284 522 2307 ρο
551 2271 646 2318 quod
673 2271 950 2318 recognoscitur
989 2272 1023 2305 in
1058 2272 1184 2318 quavis
1219 2272 1410 2321 societatev
1431 2271 1530 2306 civili

406 2354 454 2360 —
480 2343 523 2366 ex
545 2332 698 2367 naturali
727 2332 867 2378 origine
895 2330 1047 2365 dominii
1074 2332 1319 2378 proprietatis,
1343 2344 1362 2366 a
1389 2342 1460 2378 quo
1478 2330 1530 2365 di-

410 2402 544 2427 manat.
571 2412 615 2419 —
644 2392 766 2434 Quam
794 2400 1011 2437 potestatem
1039 2401 1207 2437 suprema
1234 2391 1431 2426 auctoritas
1467 2389 1531 2425 ha-

409 2453 492 2487 beat
520 2451 637 2498 quoad
663 2460 884 2487 testamenta
891 2477 1405 2488 ..........
1433 2459 1462 2485 ’.
1514 2477 1522 2485 .

313 2520 372 2559 95.
402 2512 612 2547 Scholion.
642 2531 685 2536 —
713 2512 770 2545 An
798 2511 895 2545 bona
922 2521 1064 2553 eorum,
1093 2510 1152 2556 qui
1179 2510 1223 2545 ab
1262 2510 1432 2546 intestato
1471 2507 1529 2543 de-

411 2571 553 2613 cedunt,
581 2570 732 2605 evadant
750 2570 892 2604 ‘nullius
908 2589 952 2596 —
972 2579 1092 2605 utrum
1120 2571 1156 2603 in
1183 2569 1389 2604 dominium
1414 2569 1530 2603 socie-

1551 637 1639 693 318

1587 887 1637 924 ib.

1513 1156 1521 1163 .
1575 1136 1641 1175 319

1570 1673 1640 1708 320

1514 1757 1522 1765 .
1559 1735 1646 1779 324

1596 1853 1647 1888 ib.

1595 2448 1646 2485 ib.
