1737 2802
183 191 187 193 λ
713 145 766 152 ’-“
804 133 887 176 319
921 145 981 154 '-

117 206 215 264 tem
246 215 441 260 societati
474 231 550 258 seu
584 216 712 259 statui
745 214 984 259 attribuunt
1006 205 1375 273 omnipotentiam
1409 231 1564 274 quam-

122 287 226 331 dam
258 287 303 330 in
334 287 498 344 privata
529 288 689 330 civium
726 287 937 339 dominia,
972 288 1030 330 ita
1064 300 1112 330 ut
1146 286 1198 330 de
1239 287 1290 330 iis
1325 303 1559 346 supremus

122 359 344 417 imperans
377 358 515 415 possit
548 374 627 415 pro
661 357 839 401 arbitrio
873 357 1117 415 disponere,
1141 370 1182 401 et
1216 358 1354 402 valide
1388 374 1562 417 semper

126 428 328 486 disponat
350 428 564 487 quidquid
587 428 710 473 faciat
728 443 768 472 et
787 430 985 487 quamvis
1009 429 1168 488 absque
1192 445 1318 473 causa
1341 429 1479 474 faciat.
1504 455 1562 464 —

123 499 272 544 Altera
305 498 408 543 haec
441 501 650 544 sententia
685 501 883 543 innititur
919 499 1002 543 hoc
1036 501 1263 558 principio,
1298 501 1462 558 privata
1498 503 1559 544 ci-

122 571 246 614 vium
296 570 490 615 dominia
539 572 643 615 oriri
691 588 712 614 a
762 571 936 629 politica
984 573 1236 616 auctoritate
1283 585 1506 631 tamquam
1540 589 1562 617 a

121 641 259 699 fonte,
291 659 366 687 seu
401 642 450 686 ab
485 645 576 701 ipsa
601 642 833 702 procedere
867 656 1088 701 tamquam
1123 660 1144 687 a
1178 644 1316 701 prima
1340 659 1467 687 causa
1500 644 1560 688 ef-

121 713 310 759 ficiente.

211 829 213 832 ⁴
245 800 315 842 91.
349 787 735 830 DetioNsTRATio.
769 786 1038 830 Huiusmodi
1061 787 1376 830 socialistarum
1411 787 1562 845 opinio

119 870 189 901 est
221 856 336 901 falsa.
371 858 487 901 Nam
521 857 676 901 falsum
710 859 892 901 omnino
936 870 1000 901 est
1050 859 1313 916 principium
1348 858 1470 914 illud,
1517 860 1561 902 in

116 943 211 986 quo
235 940 282 971 ut
304 929 345 971 in
371 944 447 972 sua
469 928 557 972 basi
582 928 797 972 fundatur.
824 930 1023 973 Doni-inii
1047 930 1200 988 privati
1229 930 1326 974 fons
1351 943 1391 974 et
1414 932 1560 988 origo,

118 1014 168 1043 ut
202 1016 253 1043 ex
286 1000 410 1044 dictis
445 1014 574 1058 patet,
609 1014 672 1044 est
706 1002 796 1058 ipsa
830 1014 994 1058 natura,
1030 1018 1138 1060 quae
1172 1003 1472 1047 antecedenter
1504 1003 1556 1048 ad

118 1070 295 1114 civilem
345 1072 599 1115 societatem
632 1071 713 1115 tale
763 1073 828 1115 ius
864 1072 1061 1116 concedit
1095 1072 1320 1117 individuo
1355 1087 1395 1117 et
1428 1073 1559 1118 fami-

118 1141 200 1186 {iae
234 1142 321 1201 (1).

238 1214 291 1258 Et
322 1230 366 1257 re
399 1214 574 1271 quidem
608 1229 708 1258 vera
740 1214 807 1257 vel
840 1230 985 1258 sermo
1015 1227 1079 1258 est
1112 1214 1158 1258 de
1193 1216 1282 1259 iure
1311 1215 1387 1259 sihi
1419 1217 1558 1274 acqui-

113 1285 237 1328 rendi
257 1285 485 1329 dominium
519 1301 672 1338 rerum,
696 1285 761 1329 vel
785 1301 930 1342 sermo
963 1298 1027 1329 est
1049 1286 1094 1329 de
1116 1285 1271 1329 actuali
1292 1286 1470 1330 dominio
1499 1287 1559 1330 rei

111 1357 296 1400 alicuius
327 1357 632 1400 determinatae.
660 1357 797 1410 Quod
821 1370 983 1415 spectat
1016 1357 1068 1401 ad
1102 1359 1168 1401 ius
1192 1358 1272 1402 sibi
1305 1357 1555 1416 acquirendi

112 1426 366 1471 dominium
400 1443 562 1482 rerum,
597 1428 679 1471 hoc
703 1429 769 1470 ius
803 1427 852 1471 ab
877 1428 966 1486 ipsa
1000 1441 1150 1471 natura
1174 1428 1426 1472 immediate
1451 1444 1554 1473 con·

111 1497 283 1541 ceditur
316 1501 506 1556 privatis:
542 1501 598 1542 ita
623 1512 687 1542 est
721 1499 925 1555 naturale,
951 1512 996 1542 ut
1030 1500 1084 1542 sit
1107 1500 1151 1542 in
1184 1501 1339 1558 quovis
1374 1499 1554 1544 homine

112 1570 342 1626 ingenitum
375 1585 450 1613 seu
487 1572 680 1614 nativum
697 1572 770 1627 (2).
799 1570 936 1624 Quod
961 1583 1105 1614 autern
1129 1583 1290 1628 spectat
1315 1570 1366 1614 ad
1388 1571 1554 1616 actuale

117 1639 180 1682 rei
214 1638 392 1683 alicuius
437 1640 702 1695 dominium,
739 1642 821 1685 hoc
870 1644 1085 1685 enascitur
1117 1658 1138 1685 a
1171 1642 1390 1700 praedicto
1441 1644 1550 1699 iure,

115 1711 418 1756 accedentibus
451 1729 527 1756 seu
564 1713 717 1757 mediis
752 1712 1012 1771 quibusdam
1038 1713 1238 1757 humanis
1263 1712 1400 1757 factis.
1430 1715 1551 1758 Haec

111 1782 221 1826 facta
251 1796 352 1826 sunt
385 1783 520 1842 plura:
556 1800 691 1827 unum
729 1797 792 1827 est
820 1785 1132 1842 primigenium,
1168 1799 1305 1828 cetera
1338 1797 1438 1828 sunt
1471 1785 1549 1828 de-

113 1854 272 1897 rivata.
306 1879 359 1888 —
396 1855 573 1898 Factum
626 1856 937 1912 primigenium
982 1868 1046 1898 est
1094 1857 1300 1914 occupatio
1334 1856 1411 1912 rei,
1443 1871 1552 1913 quae

209 2111 266 2155 (t)
292 2113 386 2148 Hinc
413 2124 612 2147 commune
640 2124 692 2147 est
731 2113 937 2147 auctoribus
978 2111 1171 2154 affirmare,
1213 2111 1374 2146 dominia
1415 2112 1554 2158 privata

111 2179 194 2206 esse
221 2169 264 2205 de
290 2171 368 2206 iure
394 2172 561 2213 naturali,
589 2173 632 2206 de
662 2173 732 2206 iure
759 2172 923 2216 gentium.
954 2170 1049 2204 Vide
1088 2182 1139 2214 ea,
1168 2182 1258 2218 quae
1295 2171 1340 2205 de
1379 2170 1450 2205 hoc
1490 2171 1550 2206 lo·-

113 2230 246 2276 quendi
273 2231 386 2266 modo
413 2232 570 2267 diximus
597 2232 670 2267 vol.
702 2243 729 2266 1.
757 2243 840 2278 pag.
868 2231 942 2265 281.
977 2230 1099 2265 adnot.
1129 2232 1183 2266 2³.
1226 2231 1281 2265 De
1320 2231 1451 2266 eodem
1490 2231 1550 2266 lo-

110 2289 385 2335 quenditmodo
412 2290 458 2326 cf.
486 2291 763 2333 Bellarminum,
790 2291 833 2324 de
861 2289 998 2324 clericis
1025 2301 1101 2336 cap.
1129 2299 1198 2335 29„
1228 2290 1287 2324 ubi
1315 2289 1410 2325 clare
1435 2290 1488 2325 vis
1516 2299 1550 2326 et

109 2348 205 2382 ratio
233 2348 430 2384 locutionis
457 2350 553 2384 illius
580 2350 796 2395 explicatur.

207 2408 264 2451 (2)
289 2407 339 2442 Ut
367 2408 482 2454 inquit
510 2408 707 2454 Taparelli,
736 2410 855 2453 sagio
884 2420 957 2443 ecc.
985 2409 1072 2443 diss.
1101 2419 1133 2442 2.
1161 2419 1240 2454 cap.
1267 2419 1297 2452 4.
1328 2421 1428 2442 num.
1457 2409 1548 2451 408„

106 2479 133 2512 (ς
152 2467 209 2501 cio
237 2467 304 2501 che
331 2479 376 2500 un
405 2478 523 2501 essere
550 2468 595 2501 ha
624 2468 683 2502 nel
711 2468 830 2512 primo
859 2479 924 2501 suo
964 2478 1123 2509 nascere,
1151 2466 1271 2502 forma
1298 2467 1322 2501 il
1349 2479 1414 2502 suo
1454 2475 1548 2501 stato

110 2527 219 2560 natio:
244 2527 303 2560 cio
332 2526 397 2561 che
425 2526 474 2571 gli
502 2536 670 2572 compete
711 2526 874 2560 secondo
904 2526 927 2560 il
955 2537 1019 2560 suo
1057 2526 1306 2572 svoigimento
1347 2527 1548 2572 compium,

110 2583 229 2619 forma
256 2585 279 2620 il
307 2597 372 2621 suo
399 2596 493 2621 stato
520 2587 690 2621 naturale.
710 2601 726 2617 ›
761 2586 835 2622 Cfr.
865 2597 984 2632 super.
1011 2586 1102 2622 thes.
1132 2587 1174 2621 [I.
1202 2598 1286 2633 pag.
1309 2596 1365 2632 35.
