1737 2802
1474 0 1647 47 θεῖ

1519 64 1522 66 v
1550 47 1635 73 .··',1-'·-.¹,!·'³'

1637 0 1737 74 ΜΞ

814 150 870 159 -·
906 138 960 180 54
993 149 1050 158 ····
1620 140 1622 142 ’
1735 133 1737 138 ’

221 237 265 263 ac
299 220 478 277 figitur?
512 221 623 264 Nam
660 232 700 262 et
735 219 816 262 hoc
850 234 987 276 genus
1021 218 1397 276 rerum,quamvis
1431 232 1519 261 non
1551 231 1651 260 sen-

222 293 309 344 tiat,
343 290 496 334 dicitur
529 292 703 334 vivere:
739 305 784 332 ac
819 306 891 348 per
925 290 1006 332 hoc
1041 302 1183 348 potest
1217 303 1256 333 et
1291 289 1431 346 mori3
1465 287 1651 346 proinde

221 363 348 405 etiam
383 377 481 404 cum
511 363 574 404 vis
609 361 846 415 adhibetur,
870 361 1020 405 occidi.
1047 360 1174 405 Unde
1199 374 1238 404 et
1261 359 1516 418 Apostolus,
1543 375 1641 404 cum

223 433 272 476 de
307 432 608 476 huiuscemodi
644 432 881 476 seminibus
923 432 1172 490 loqueretur
1221 430 1310 490 (1),
1370 431 1446 484 Tu,
1493 431 1651 489 inquit,

223 504 329 561 quod
359 506 534 546 seminas
583 519 662 546 muz
698 503 954 555 vivificatur,
992 505 1070 546 nisi
1103 504 1320 546 moritztztr.
1361 503 1412 545 Et
1451 502 1494 545 in
1525 500 1648 547 Psal-

225 589 298 616 mo
332 573 403 632 (2)
438 575 645 631 scriptum
681 586 759 630 est,
807 572 964 618 Occidit
1006 575 1109 616 vites
1160 588 1299 616 eornm
1348 574 1389 616 in
1433 571 1650 630 grandine.
1703 569 1705 572 ’

223 646 345 689 Num
380 646 509 702 igitur
543 645 596 688 ob
632 645 727 702 hoc,
762 661 860 688 cum
895 645 1110 698 audimus,
1146 660 1226 688 non
1273 644 1433 698 occides,
1479 642 1648 701 virgul-

225 729 317 759 tum
351 716 505 760 vellere
539 716 652 760 nefas
688 717 901 774 ducimus,
935 730 974 760 et
1009 716 1366 760 Manichaeorum
1405 716 1540 759 errori
1573 716 1649 758 in-

226 788 449 831 sanissime
482 789 830 845 acquiescimus?
865 789 944 831 His
970 789 1102 845 igitur
1125 786 1414 831 deliramentis
1454 787 1654 842 remotis,

228 875 325 902 cum
362 859 563 916 legimus,
613 876 691 903 non
743 860 908 912 occides,
945 862 977 901 si
1024 871 1252 917 propterea
1296 873 1383 901 non
1417 858 1649 916 accipimus

228 931 309 974 hoc
344 931 507 974 dictum
543 947 638 975 esse
675 931 726 974 de
761 931 985 986 fructetis,
1022 931 1119 988 quia
1155 929 1299 990 nullus
1333 941 1396 972 est
1444 929 1503 972 eis
1547 944 1649 971 sen-

229 1020 314 1057 sus;
349 1019 424 1047 nec
465 1005 516 1048 de
556 1003 841 1049 animantibus
878 1002 1209 1059 irrationalibus,
1243 1001 1499 1054 volatilibus,
1538 1012 1653 1043 nata-

229 1074 391 1130 tilibus,
446 1075 782 1128 ambulatilibuS,
824 1074 1058 1132 reptilibus,
1091 1075 1187 1131 quia
1225 1073 1344 1116 nulla
1381 1071 1494 1116 nobis
1524 1073 1657 1114 ratio-

231 1161 276 1188 ne
309 1149 514 1190 sociantur
545 1147 631 1206 (3),
665 1163 792 1204 quam
827 1161 914 1188 non
948 1146 1006 1188 eis
1041 1144 1187 1188 datum
1223 1156 1285 1187 est
1320 1142 1545 1186 nobiscum
1579 1141 1651 1184 ha-

230 1215 326 1259 bere
351 1232 650 1275 communem5
678 1217 790 1260 unde
815 1217 1050 1259 iustissima
1073 1215 1347 1258 ordinatione
1372 1214 1588 1258 Creatoris
1613 1225 1657 1256 et

230 1288 315 1330 vita
346 1301 385 1331 et
419 1304 538 1333 mors
574 1305 726 1332 eorum
761 1289 919 1331 nostris
954 1287 1100 1330 usibus
1135 1286 1358 1330 subditur:
1383 1297 1511 1329 restat
1535 1297 1581 1328 ut
1603 1284 1658 1328 de

232 1359 410 1404 homine
445 1361 749 1418 intelligamus,
785 1360 902 1418 quod
936 1359 1096 1402 dictum
1133 1372 1210 1413 est,
1245 1374 1325 1402 mm
1371 1357 1543 1402 occides:
1577 1371 1658 1399 nec

232 1433 412 1476 alterum
448 1449 570 1490 ergo,
605 1449 681 1476 nec
715 1445 769 1476 te.
803 1433 957 1489 Neque
991 1432 1107 1474 enim
1143 1431 1214 1488 qui
1248 1446 1292 1473 se
1326 1419 1498 1486 occidit,
1536 1427 1652 1472 aliud
1678 1457 1692 1468 .

233 1520 361 1562 quam
395 1503 618 1547 hominem
655 1503 810 1547 occidit
843 1521 882 1547 >).

351 1576 468 1619 Inter
496 1577 760 1619 recentiores
794 1577 984 1619 eminent
1018 1575 1231 1617 Damiron
1264 1572 1353 1632 (4),
1389 1573 1461 1630 qui
1500 1586 1554 1615 ex
1605 1586 1659 1614 eo

234 1647 512 1703 potissimum
547 1649 701 1704 arguit,
734 1647 838 1706 qnod
873 1656 1024 1690 natum
1074 1648 1268 1689 universa
1311 1645 1388 1689 dici
1433 1644 1558 1688 soleat
1609 1657 1659 1686 ac

233 1717 365 1760 debeat
399 1720 479 1762 Dei
500 1719 594 1777 filia
628 1734 816 1776 sororqsca
848 1719 1022 1761 hominis
1056 1733 1102 1761 ac
1135 1718 1260 1774 socia,
1294 1729 1334 1759 et
1367 1715 1535 1760 Ahrens
1568 1714 1659 1774 (ς),

237 1790 308 1847 qui
343 1805 395 1833 ex
429 1806 481 1833 eo
530 1791 670 1847 arguit
706 1791 944 1848 praecipue,
977 1789 1093 1847 quod
1126 1788 1344 1851 crudelitas
1376 1789 1417 1831 in
1456 1787 1659 1830 animalia

332 2049 388 2093 (1)
414 2050 440 2083 Ι.
472 2049 557 2084 Cor.
586 2049 666 2083 XV.
696 2047 745 2093 36.

333 2108 382 2153 (2)
410 2110 465 2143 Ps.
493 2108 672 2143 LXXVII.
701 2117 757 2152 47.

330 2168 385 2211 (3)
413 2168 594 2202 Notcntur
621 2167 708 2201 haec
735 2167 852 2209 verba,
873 2167 951 2212 quia
970 2166 1064 2200 nulla
1084 2165 1178 2199 nobis
1196 2165 1334 2199 ratione
1352 2165 1539 2198 sociantur:
1564 2161 1663 2197 hisce

235 2226 330 2260 enim
358 2227 473 2260 verbis
489 2235 702 2271 argumenta
722 2225 830 2272 paulo
848 2234 929 2260 ante
955 2225 1063 2259 allata
1081 2224 1354 2258 confirmantur.
1437 2220 1488 2257 Cf
1512 2233 1540 2256 s.
1558 2221 1665 2257 Tho-

236 2296 346 2326 mam,
362 2295 390 2318 2.
409 2295 480 2331 2-q.
496 2284 553 2328 64.
573 2297 602 2319 a.
625 2297 664 2325 1.,
677 2294 797 2320 utrum
807 2285 973 2320 occidere
989 2294 1238 2330 quaecumque
1251 2281 1407 2317 viventia
1425 2281 1469 2316 sit
1484 2280 1664 2316 illicitum.

236 2343 287 2377 Ibi
314 2344 431 2389 arguit
458 2355 485 2377 s.
511 2345 651 2378 Doctor
676 2356 719 2378 ex
745 2344 814 2378 hoc
842 2343 1038 2389 principio:
1069 2356 1086 2373 «
1105 2341 1229 2375 nullus
1257 2349 1380 2387 peccat
1406 2350 1450 2374 ex
1482 2350 1526 2374 eo
1563 2337 1660 2385 quod

238 2402 349 2437 utitur
374 2413 411 2436 re
437 2402 552 2448 aliqua
580 2403 622 2437 ad
649 2403 718 2437 hoc
745 2402 787 2437 ad
817 2402 912 2448 quod
943 2411 1044 2437 est.»
1085 2402 1182 2447 Lege
1225 2399 1334 2434 etiam
1370 2410 1399 2434 c.
1426 2405 1523 2445 gent.
1550 2397 1572 2432 l.
1600 2396 1662 2431 111.

241 2472 269 2498 c,
301 2471 376 2496 112.

337 2527 384 2564 (4)
413 2521 468 2555 De
493 2521 528 2555 la
553 2521 691 2557 morale.
718 2530 741 2556 t.
771 2523 796 2556 1.
824 2521 878 2556 ch.
907 2531 937 2556 2.

341 2582 398 2628 (5)
428 2581 537 2617 Cours
562 2581 599 2616 de
624 2582 713 2617 droit
738 2587 807 2616 nat.
836 2593 854 2616 2
881 2581 1006 2627 partie,
1033 2591 1131 2626 spec.
1159 2579 1186 2614 Ι.
1214 2577 1315 2613 divis.
1343 2577 1397 2612 ch.
1427 2585 1459 2612 2.
