1737 2802
788 147 1053 189 -152-

210 230 381 272 alterius
416 241 558 271 autem
592 230 675 271 sint
710 227 814 271 facta
838 229 1001 286 futura.
1037 228 1103 272 Ad
1138 244 1228 271 rem
1263 244 1296 272 s.
1323 228 1520 273 Thomas
1544 229 1627 288 (1):

217 320 235 340 α
271 302 478 343 Divinum
513 301 812 342 testiinonium
850 299 1108 358 quandoque
1153 299 1366 343 inducitur
1413 300 1464 344 ad
1512 316 1629 344 asse-

211 372 392 415 rendum
428 373 659 428 praesentia
695 371 758 413 vel
793 372 1030 428 praeterita,
1064 384 1104 414 et
1128 371 1209 414 hoc
1233 371 1385 414 dicitur
1411 373 1630 427 iuramen-

210 457 301 485 tum
354 444 632 486 assertorium.
669 442 947 499 Quandoque
982 455 1122 485 autem
1174 442 1388 486 inducitur
1435 442 1631 486 divinum

209 515 505 557 testimonium
542 514 592 556 ad
627 513 970 556 confirmandum
1007 513 1165 571 aliquid
1212 513 1420 567 futurum,
1461 527 1501 557 et
1551 513 1632 557 hoc

211 587 365 630 dIcitur
399 587 691 629 iuramentum
722 588 1046 644 promissorium.
1074 604 1095 625 »

334 671 400 713 35.
436 658 820 702 DEMONSTRATIO.
856 659 1153 701 {uramentum
1187 673 1279 701 esse
1311 673 1359 701 ex
1404 672 1441 700 se
1492 656 1633 701 hone-

212 742 342 785 stum,
376 730 434 771 sic
469 729 678 786 praeclare
727 728 991 772 demonstrat
1036 745 1068 772 s.
1105 728 1304 772 Thomas
1337 728 1422 787 (2):
1473 728 1635 773 «Nihil

211 801 408 859 prohibet
442 799 601 857 aliquid
634 816 726 843 esse
760 800 980 843 secundnm
1014 816 1051 843 se
1096 799 1278 852 bonum,
1323 799 1441 858 quod
1489 812 1634 843 tamen

211 873 320 918 cedit
352 875 392 916 in
429 872 590 915 malum
625 874 731 929 eius,
755 873 826 929 qui
861 887 947 915 non
982 874 1115 915 utitur
1138 888 1189 915 eo
1215 873 1531 916 convenienter.
1558 871 1636 915 Si-

211 959 280 989 cut
314 960 483 988 sumere
518 944 828 987 Eucharistiam
863 957 926 987 est
959 943 1137 1001 bonum,
1172 957 1212 987 et
1255 957 1398 986 tamen
1448 944 1520 1002 qui
1573 945 1635 986 in-

212 1017 339 1074 digne
373 1017 520 1068 sumit,
559 1015 754 1058 indicium
786 1015 863 1058 sibi
898 1015 1117 1058 manducat
1151 1024 1185 1058 et
1218 1015 1315 1058 bibit
1348 1014 1432 1073 (3)
1470 1040 1522 1047 --
1560 1015 1635 1059 Sic

212 1105 317 1147 ergo
351 1090 392 1131 in
427 1089 651 1147 proposito
687 1087 916 1131 dicendum
952 1101 1033 1140 est,
1069 1087 1185 1145 quod
1235 1088 1523 1130 iuramentum
1572 1102 1636 1130 se-

212 1161 388 1206 cundum
420 1176 456 1204 se
489 1174 551 1204 est
583 1160 748 1203 licitum
773 1173 813 1202 et
839 1159 1085 1202 honestum.
1113 1158 1248 1212 Quod
1273 1171 1386 1216 patet
1409 1174 1456 1201 ex
1488 1159 1637 1215 origine

212 1245 252 1277 et
285 1248 331 1276 ex
355 1232 455 1291 fine:
491 1249 540 1275 ex
573 1233 737 1288 origine
772 1231 963 1289 quidem,
997 1231 1095 1288 quia
1128 1231 1419 1273 iuramentum
1453 1242 1516 1274 est
1564 1231 1636 1273 in-

210 1304 459 1348 troductum
494 1320 543 1347 ex
576 1303 670 1359 fide,
705 1319 786 1361 qua
821 1303 1019 1346 homines
1065 1302 1256 1359 credunt,
1291 1303 1435 1345 Deum
1484 1301 1638 1346 habere

210 1375 472 1419 infallibilem
506 1376 729 1418 veritatem
764 1388 803 1418 et
838 1375 1121 1419 universalem
1171 1375 1372 1418 omnium
1421 1375 1636 1432 cognitio—

213 1463 312 1490 nem
348 1461 388 1490 et
436 1448 747 1504 provisionem:
783 1463 832 1489 ex
874 1445 957 1489 fine
1006 1459 1165 1502 autem,
1199 1447 1298 1504 quia
1345 1446 1638 1490 iuramentum

213 1518 429 1562 inducitur
463 1518 513 1562 ad
549 1517 864 1562 iustificandum
900 1518 1098 1562 homines
1122 1529 1163 1561 et
1196 1517 1247 1561 ad
1270 1516 1509 1561 finiendum
1538 1532 1639 1561 con-

213 1591 441 1633 troversias
474 1589 555 1648 (4).
591 1615 648 1623 —
681 1589 764 1633 Sed
797 1590 1089 1633 iuramentum
1123 1588 1234 1633 cedit
1257 1589 1298 1631 in
1324 1588 1485 1632 malum
1515 1587 1639 1631 alicui

307 1820 362 1867 (1)
392 1821 430 1855 In
459 1832 488 1856 7.
516 1832 547 1856 2.
576 1833 608 1867 q.
636 1822 693 1867 89.
724 1834 755 1856 a.
787 1833 815 1857 1.
842 1841 886 1848 —
914 1822 1092 1864 Quaeres,
1121 1830 1239 1856 utrum
1268 1822 1392 1856 omnia
1405 1819 1531 1866 futura
1557 1831 1643 1867 pos-

214 1882 285 1917 sint
321 1892 399 1916 esse
439 1881 590 1916 materia
626 1882 816 1917 iuramenti
847 1882 1089 1928 promissorii?
1125 1881 1362 1927 Respondeo:
1405 1881 1544 1926 «Quae
1580 1891 1644 1926 per

212 1942 298 1976 alias
325 1952 449 1976 causas
476 1941 550 1976 fieri
579 1941 726 1982 debent,
755 1942 812 1976 vel
841 1942 885 1976 ab
912 1941 1028 1976 aliena
1052 1940 1239 1976 voluntate
1266 1940 1437 1987 pendent,
1463 1951 1539 1975 non
1557 1950 1642 1986 pos-

211 2010 293 2036 sunt
320 2002 363 2036 ab
391 2000 514 2047 aliquo
541 2002 606 2035 sub
634 2002 840 2036 iuramento
865 2001 1036 2048 promitti,
1055 2001 1124 2036 nisi
1151 1999 1302 2036 fortasse
1321 2009 1499 2048 quatenus
1517 1999 1641 2046 aliquo

210 2060 323 2094 modo
352 2060 426 2095 fieri
453 2070 605 2105 possunt
632 2061 675 2094 αἱ)
696 2072 738 2094 eo
760 2061 819 2107 qui
847 2061 950 2102 iurat,
980 2059 1035 2095 vel
1066 2059 1286 2106 applicando
1314 2069 1474 2099 causam,
1501 2057 1559 2094 vel
1587 2058 1642 2092 in-

211 2119 375 2154 ducendo
403 2119 514 2161 illam,
541 2119 598 2154 vel
619 2118 698 2158 ‚alio
725 2119 834 2154 simili
863 2120 1023 2154 modo.»
1050 2119 1101 2153 Ita
1137 2120 1278 2161 SuareZ,
1306 2118 1350 2153 de
1391 2119 1518 2154 iuram.
1544 2118 1569 2154 l.
1599 2117 1642 2153 11.

213 2189 243 2213 c.
276 2188 327 2213 12.
355 2190 388 2213 n.
422 2189 448 2213 x.
478 2179 532 2213 Cf.
559 2179 669 2212 etiam
697 2179 718 2213 l.
749 2179 774 2214 I.
805 2190 832 2213 c¹
871 2189 926 2213 1o.

311 2238 367 2283 (2)
394 2238 433 2272 In
463 2247 496 2274 2.
526 2248 560 2273 2.
590 2249 623 2284 q.
651 2239 707 2284 89.
734 2250 762 2272 a.
793 2249 824 2273 2.

309 2297 367 2342 (3)
394 2298 512 2332 Verba
539 2307 621 2333 sunt
649 2309 691 2332 ex
722 2309 750 2332 1.
780 2298 863 2334 Cor.
889 2298 952 2333 XI.
980 2297 1035 2333 28.

308 2357 365 2402 (4)
392 2357 432 2391 In
460 2369 516 2403 ep.
544 2357 587 2392 ad
616 2357 723 2392 Hebr.
752 2357 813 2393 Vl.
846 2356 897 2392 16.
926 2357 1014 2392 haec
1042 2357 1220 2404 leguntur:
1251 2371 1268 2388 ιι
1287 2356 1466 2392 Homines
1482 2366 1546 2403 per
1566 2366 1644 2390 ma-

215 2417 330 2451 iorem
358 2415 410 2451 sui
437 2417 567 2452 iurant:
597 2425 630 2451 et
657 2417 778 2452 omnis
803 2417 1074 2452 contmversiae
1101 2427 1229 2450 eorum
1262 2414 1354 2459 finis,
1382 2415 1424 2450 ad
1453 2413 1646 2450 confirma·

213 2477 367 2515 tionem,
387 2484 441 2511 est
469 2476 728 2512 iuramentum.
747 2489 769 2510 >›
796 2477 902 2519 Qua:
922 2485 1105 2522 postrema
1125 2477 1232 2511 verba
1254 2475 1306 2510 sic
1327 2474 1481 2522 explicat
1498 2484 1527 2510 s.
1545 2472 1646 2508 Tho-

215 2547 307 2572 mas:
335 2547 357 2570 «
375 2535 532 2572 Effectus
558 2535 748 2571 iuramenti
777 2536 813 2569 in
854 2535 924 2570 hoc
962 2535 1138 2577 consistit,
1165 2534 1261 2582 quod
1301 2545 1365 2580 per
1403 2535 1646 2569 iuramentum

213 2594 336 2630 finitur
362 2595 485 2630 omnis
512 2596 772 2630 controversis.
800 2595 899 2629 Sicut
917 2595 1014 2630 eiim
1035 2595 1069 2628 in
1097 2593 1268 2636 scientiis,
1288 2592 1430 2640 quando
1454 2591 1649 2628 resolvitur

1682 36 1694 46 0
1681 7 1683 10 .

1735 146 1737 151 .
1733 130 1737 133 .
1710 0 1737 118 ..munia
