1737 2802
688 134 924 176 ..91-

91 218 277 263 iustitiae
311 217 501 275 speciem
534 216 778 276 admittere)
811 215 1002 273 obligant
1034 213 1225 273 quidem,
1264 230 1354 258 non
1369 227 1514 260 tamen

86 297 217 348 perse
240 287 437 348 loquendo
469 287 541 347 (1)
576 303 673 330 cum
707 303 836 331 onere
870 285 1281 339 restitutionis,·sed
1295 301 1517 344 congruae

92 358 408 404 satisfactionis.

208 430 266 491 β)
300 431 417 475 Cum
452 443 596 474 autem
630 431 823 484 iniuriae,
859 443 905 474 ut
928 431 1013 474 iam
1035 430 1203 487 saepius
1223 429 1423 487 diximus,
1440 429 1508 474 vel

81 501 281 561 formales
312 502 397 544 sint
430 500 496 544 vel
528 512 693 544 tantum
730 501 972 557 materiales,
1003 515 1148 543 sermo
1182 499 1305 543 nobis
1354 512 1417 543 est
1460 499 1516 544 de

91 571 326 631 prioribuS.
358 572 404 617 Si
437 573 552 615 enim
586 572 682 629 quis
705 571 862 630 absque
882 571 963 615 ulla
981 586 1159 629 prorsus
1178 570 1315 628 culpa,
1347 569 1510 614 nedum

91 642 336 700 theologica
367 642 442 686 sed
475 642 603 684 etiam
649 642 839 697 iuridica,
874 643 900 687 i.
933 657 955 685 e
987 641 1103 685 nulla
1136 642 1294 685 omissa
1331 640 1541 699 diligen--

91 716 167 772 tia,
195 713 403 758 damnum
437 712 556 757 alteri
604 713 811 768 intulerit,
861 713 1121 771 obligatione
1155 713 1260 756 illud
1292 713 1514 771 reparandi

91 799 180 829 non
212 798 392 829 tenetur.
426 810 484 818 —
517 785 659 829 Dices:
684 800 826 828 nonne
858 785 930 843 qui
965 784 1077 828 bona
1110 799 1287 842 prorsus
1321 783 1404 827 fide
1437 780 1516 828 de-

91 858 198 901 tinet
231 872 322 900 rem
368 855 568 911 alienam,
594 857 643 912 is,
679 872 822 900 errore
860 855 1042 914 detecto,
1075 871 1169 898 eam
1203 855 1384 898 domino
1418 855 1519 899 red-

92 926 190 972 dere
224 927 420 971 tenetur?
458 927 661 970 Tenetur
700 928 894 971 omnino:
918 927 1017 985 quia
1049 926 1207 969 scilicet
1239 927 1274 968 si
1308 938 1406 984 post
1440 923 1518 969 de-

90 1011 252 1042 tectum
287 1013 478 1041 errorem
527 1014 618 1042 eam
655 998 792 1041 adhuc
824 997 903 1041 sibi
946 998 1160 1055 retineret,
1203 998 1287 1040 iam
1335 998 1519 1041 scienter

92 1071 293 1114 retineret
326 1069 535 1123 alienum,
570 1085 643 1113 seu
679 1071 762 1112 iam
797 1070 951 1113 iniuria
984 1085 1035 1112 ex
1061 1068 1265 1112 materiali
1288 1067 1408 1112 fieret
1431 1068 1519 1112 for-

95 1139 231 1184 malis.

210 1212 255 1271 γ)
288 1211 396 1255 Illud
445 1213 572 1255 etiam
620 1211 806 1271 adverte,
854 1212 957 1254 iuris
1002 1211 1257 1267 subiectum,
1307 1211 1512 1255 societate

94 1283 339 1340 constituta,
372 1298 459 1326 non
508 1297 635 1340 posse
684 1283 938 1340 plerumque
972 1291 1046 1340 per
1096 1284 1270 1340 seipsum
1317 1297 1519 1326 exercere

89 1354 180 1396 vim
212 1353 433 1412 physicam
483 1355 627 1397 contra
660 1353 868 1397 laesorem
902 1353 953 1397 ad
1005 1369 1095 1397 rem
1142 1370 1264 1398 suam
1309 1366 1511 1412 repeten-

92 1424 205 1482 dam,
236 1425 311 1468 sed
343 1427 539 1469 actionem
571 1438 739 1468 tantum
760 1472 762 1475 v
786 1420 938 1468 habere
971 1425 1082 1482 apud
1115 1425 1359 1482 legitimum
1395 1424 1511 1468 iudi-

92 1510 184 1539 cem
217 1495 401 1553 civilem‚
424 1511 444 1538 a
468 1511 555 1553 quo
579 1496 733 1552 exigat,
754 1508 799 1538 ut
830 1494 968 1539 laesor
991 1508 1168 1552 cogatur
1193 1495 1243 1539 ad
1268 1497 1332 1538 ius
1354 1495 1518 1538 laesum

92 1567 374 1624 reparandum
393 1567 461 1624 (2).
488 1567 697 1620 Quaeres»,
720 1567 933 1610 undenam
953 1566 993 1610 id
1019 1578 1196 1620 constet,
1216 1583 1291 1609 seu
1306 1581 1515 1624 quaenam

988 1632 998 1651 0

188 1786 242 1831 (1)
269 1786 333 1821 Per
357 1797 402 1826 se,
433 1786 454 1820 i.
483 1798 514 1821 e.
545 1787 612 1820 nisi
653 1797 727 1828 eae,
755 1794 792 1821 ut
834 1797 939 1832 saepe
962 1785 1013 1828 fit,
1031 1786 1399 1832 iunganturiustitiae
1415 1797 1517 1820 com-

93 1845 300 1880 mutativae.
326 1845 420 1880 «Sic
446 1845 634 1880 restituere
659 1854 800 1879 tenetur
820 1845 1052 1890 magistratus
1068 1844 1126 1879 vel
1152 1845 1269 1887 iudex,
1291 1845 1349 1891 qui
1371 1854 1520 1892 propter

92 1914 238 1950 gravem
265 1903 529 1950 negligentiam
556 1903 591 1938 in
619 1903 806 1949 puniendo
835 1915 941 1938 causa
969 1913 1033 1946 est,
1060 1916 1122 1939 cur
1160 1904 1286 1950 privati
1314 1905 1372 1939 vel
1417 1916 1517 1939 com-

91 1962 250 1998 munitas
274 1974 383 2008 grave
409 1962 582 1997 damnum
611 1965 800 2009 patiantur:
831 1973 900 2010 quo
927 1964 964 1997 in
992 1975 1076 1998 casu
1104 1975 1178 1998 non
1206 1963 1326 1998 solum
1352 1974 1433 1998 reus
1462 1972 1515 1999 est

91 2021 179 2056 boni
191 2022 413 2063 communis,
429 2022 471 2055 ad
487 2022 584 2069 quod
603 2023 733 2058 iustitia
753 2022 878 2067 legalis
898 2022 1060 2066 inclinat,
1076 2022 1137 2057 sed
1157 2023 1267 2058 etiam
1285 2022 1408 2058 violati
1425 2034 1519 2058 con-

91 2090 235 2123 tractuS,
261 2091 332 2128 quo
358 2081 576 2116 assumendo
603 2080 762 2116 officium
802 2093 840 2117 se
883 2082 1045 2129 implicite
1080 2082 1255 2128 obligavit
1294 2083 1337 2116 ad
1381 2082 1514 2116 damna

91 2140 316 2176 subditorum
343 2141 588 2187 praecavenda
607 2156 636 2174 ».
669 2142 720 2177 Ita
749 2141 859 2187 Gury,
887 2141 929 2176 de
956 2142 1038 2177 iust.
1068 2151 1102 2177 et
1142 2142 1217 2176 iure
1244 2152 1334 2187 part.
1367 2153 1396 2178 1.
1424 2153 1455 2176 a.
1488 2152 1517 2187 3.

92 2211 190 2234 num.
223 2208 304 2245 533.

186 2271 244 2315 (2)
268 2271 347 2306 Huc
372 2270 458 2306 facit
484 2272 666 2306 decretum
695 2272 818 2314 Marci,
846 2271 867 2307 l.
895 2271 1087 2307 creditores
1115 2281 1152 2316 7.
1180 2272 1224 2307 D.
1252 2271 1295 2306 ad
1334 2271 1405 2318 leg.
1444 2271 1518 2308 Iul.

92 2330 135 2366 de
162 2332 195 2365 vi
215 2331 308 2377 priv,
339 2331 378 2376 (l.
407 2331 572 2367 XLVIII.
598 2340 624 2366 t.
651 2332 763 2376 VII.):
793 2330 1019 2377 «Optimum
1047 2341 1112 2374 est,
1134 2341 1182 2374 ut,
1199 2333 1228 2366 si
1255 2342 1342 2378 quas
1357 2339 1462 2377 putes
1487 2339 1524 2365 te

87 2390 222 2425 habere
246 2391 450 2437 petitiones,
478 2391 682 2425 actionibus
709 2391 915 2436 experiaris;
944 2391 1089 2426 interim
1116 2390 1178 2426 ille
1214 2391 1248 2424 in
1285 2389 1520 2437 possessione

89 2450 199 2485 debet
226 2451 373 2494 morari,
401 2459 438 2485 tu
467 2451 601 2496 petitor
627 2462 675 2492 es;
705 2459 738 2485 et
766 2461 875 2497 quum
902 2450 1108 2485 Marcianus
1145 2450 1291 2485 diceret:
1327 2451 1400 2483 vim
1434 2448 1520 2483 nul-

88 2509 163 2544 lam
191 2509 270 2553 feci;
297 2509 431 2545 Caesar
457 2509 558 2544 dixit:
591 2518 627 2544 tu
654 2511 728 2543 vim
756 2518 858 2554 putas
886 2520 963 2543 esse
988 2509 1120 2552 solum,
1147 2510 1175 2544 si
1194 2510 1360 2544 homines
1389 2507 1521 2542 vulne-

91 2568 229 2605 rentur?
246 2570 311 2605 Vis
337 2579 388 2604 est
415 2579 448 2604 et
474 2578 570 2612 tunc,
598 2570 739 2616 quoties
765 2570 843 2616 quis
870 2568 918 2612 id,
948 2569 1043 2616 quod
1071 2569 1191 2604 deberi
1218 2569 1284 2604 sibi
1312 2577 1424 2615 putat,
1442 2578 1518 2602 non
