1737 2802
715 119 947 161 —13—

120 209 214 240 tum
246 198 316 250 sit,
351 213 457 255 quae
489 198 666 241 istarum
700 199 884 242 duarum
932 198 1242 242 deductionum
1283 201 1339 242 sit
1381 201 1541 255 verior,

119 280 299 326 utraque
332 270 542 326 praesenti
575 270 772 314 instituto
807 270 1023 313 deservire
1057 282 1262 328 potest».

240 341 278 382 6.
311 339 628 384 DECLARATio.
664 342 807 383 Huius
841 340 1030 398 theseos,
1065 353 1111 384 ut
1135 357 1184 384 ex
1208 342 1311 399 ipsis
1334 343 1542 386 enuncia-

120 410 249 452 tionis
281 410 421 453 verbis
455 424 582 469 patet,
617 411 725 455 duae
758 425 858 455 sunt
890 425 1041 469 partes,

238 481 270 524 Ι.
306 481 429 525 Prior
460 498 555 540 pars
588 495 670 525 tres
703 482 792 525 illas
827 483 993 527 exhibet
1027 482 1155 527 huius
1201 485 1422 541 aequivoci
1456 501 1542 528 vo-

122 549 275 604 cabuli,
307 553 386 609 ius,
404 554 688 611 acceptiones,
705 570 812 612 quae
845 554 1108 617 diligentiori
1141 554 1301 608 studio,
1336 555 1454 613 quod
1487 556 1539 599 ad

120 637 318 680 praesens
349 626 512 678 attinet,
546 638 644 668 sunt
675 643 696 669 a
729 625 851 668 nobis
885 626 1196 684 expendendae.

306 695 380 752 1⁰.)
413 696 701 754 Compertum
735 697 936 740 omnibus
979 712 1059 751 est,
1096 700 1157 761 inf
1190 696 1434 756 frequenter
1467 715 1535 742 ac-

121 765 204 822 cipi
241 781 319 823 pro
352 767 441 824 lege.
480 786 501 808 «
525 768 622 810 Hoc
671 768 819 825 modo,
870 770 1008 826 inquit
1058 770 1214 813 Suarez
1240 771 1328 830 (1),
1361 784 1540 814 sumunt

123 835 367 894 frequenter
399 838 504 881 hanc
535 854 689 882 vocem
733 840 1028 897 iureconsulti,
1063 854 1107 884 ut
1154 843 1326 900 quando
1375 842 1542 895 dicunt,

121 907 190 950 hoc
222 909 286 951 vel
317 909 384 952 illo
419 911 504 953 iure
538 912 705 964 utimur,
740 911 804 954 vel
838 912 906 954 hoc
937 921 993 955 est
1025 914 1121 956 certi
1141 922 1175 956 et
1197 913 1402 971 explorati
1424 915 1544 970 iuris,

119 992 160 1022 et
193 979 360 1024 similia.
392 982 501 1024 Item
533 982 702 1025 videtur
737 982 819 1026 hoc
853 982 987 1026 modo
1021 986 1150 1040 sumi,
1184 986 1356 1043 quoties
1385 1001 1407 1028 a
1428 984 1543 1029 facto

122 1049 417 1108 distinguitur,
454 1066 497 1095 ut
532 1070 629 1096 cum
664 1053 867 1098 dividitur
900 1055 1143 1111 ignorantia
1178 1058 1279 1099 iuris
1313 1056 1361 1099 ab
1409 1058 1541 1113 igno-

122 1123 255 1165 rantia
276 1123 387 1180 facti
407 1141 446 1168 ».
1217 1155 1219 1157 ·

242 1195 339 1237 Hoc
371 1210 498 1238 sensu
534 1196 639 1239 dixit
689 1195 861 1240 Tullius
885 1198 974 1253 (2):
1017 1197 1122 1252 «Si,
1159 1197 1201 1240 id
1250 1198 1368 1256 quod
1416 1213 1542 1257 prae-

121 1265 230 1308 clare
263 1281 285 1308 a
317 1265 576 1324 sapientibus
610 1266 779 1320 dicitur,
815 1267 934 1312 vultu
985 1282 1108 1325 saepe
1159 1267 1341 1311 laeditur
1382 1270 1543 1327 pietas;

122 1336 240 1395 quod
263 1337 524 1395 supplicium
558 1339 657 1381 satis
691 1354 786 1381 acre
821 1340 1056 1396 reperietur
1089 1340 1131 1380 in
1164 1356 1281 1396 eum,
1314 1341 1388 1398 qui
1426 1356 1542 1384 mor-

121 1420 210 1451 tem
257 1407 458 1452 obtulerit
489 1410 667 1467 parenti,
700 1425 779 1467 pro
813 1425 900 1467 quo
946 1410 1057 1452 mori
1091 1410 1250 1467 ipsum,
1285 1411 1321 1452 si
1365 1426 1432 1454 res
1466 1427 1544 1469 po-

122 1479 313 1537 stularet,
345 1481 435 1523 iura
468 1480 608 1523 divina
639 1494 766 1539 atque
800 1480 990 1524 humana
1022 1480 1069 1539 (i.
1106 1498 1140 1524 e.
1176 1481 1292 1538 leges
1316 1481 1482 1525 divinae
1507 1495 1548 1525 et

122 1551 352 1610 humanae)
387 1551 629 1609 cogebant?
653 1570 672 1592 >›
712 1553 820 1596 Item
854 1567 886 1596 s,
920 1551 1118 1595 Thomas
1152 1553 1216 1594 ius
1250 1552 1446 1610 prolege
1469 1569 1543 1596 ac-

123 1623 240 1679 cipit,
275 1621 345 1665 ubi
379 1623 435 1666 ait
457 1623 550 1682 (3):
591 1623 750 1667 «Cum
784 1622 956 1675 dicitur,
992 1622 1110 1680 quod
1143 1638 1222 1666 non
1256 1639 1370 1666 omne
1397 1632 1543 1682 pecca·-

122 1703 207 1736 tnm
242 1694 324 1737 ideo
356 1703 409 1738 est
442 1695 611 1749 malum,
644 1697 742 1753 qnia
770 1693 1040 1753 prohibitum,
1074 1694 1329 1751 intelligitur
1363 1694 1414 1738 de
1448 1711 1545 1753 pro-

121 1764 328 1808 hibitione
361 1764 467 1808 facta
498 1782 573 1824 per
605 1767 671 1809 ins
705 1766 958 1823 positivum.
993 1765 1036 1808 Si
1071 1778 1214 1808 autem
1247 1765 1457 1809 referatur
1493 1766 1545 1809 ad

122 1835 188 1877 ius
235 1836 437 1889 naturale,
480 1836 597 1894 quod
646 1838 890 1880 continetur
938 1838 1082 1894 primo
1130 1836 1307 1894 quidem
1356 1838 1401 1879 in
1446 1837 1546 1894 lege

217 2076 275 2121 (1)
302 2076 391 2111 Ibid.
416 2088 515 2111 num.
542 2075 574 2111 6.
601 2076 688 2111 Mox
714 2076 767 2111 bis
794 2076 934 2122 repetit,
962 2075 1016 2110 ius
1043 2086 1148 2120 saepe
1167 2086 1249 2108 cum
1268 2074 1348 2121 lege
1368 2075 1543 2109 converti.

216 2137 270 2181 (2)
290 2136 390 2171 Orat.
409 2147 474 2182 pro
492 2137 601 2171 Sexto
621 2136 756 2170 Roscio
776 2138 899 2171 Amet.
919 2135 1018 2170 XIII.
1039 2144 1092 2178 37.
1112 2135 1155 2168 Et
1174 2134 1394 2179 paulopost.
1410 2134 1542 2168 XXIII.

123 2194 191 2239 65.:
208 2207 227 2227 α
244 2196 363 2230 Nemo
381 2196 538 2242 putabat.
553 2207 770 2242 quemquam
786 2207 874 2238 esse,
887 2196 948 2242 qui
963 2206 1044 2229 cum
1061 2195 1142 2240 (per
1156 2193 1402 2240 parricidium)
1418 2193 1544 2228 omnia

124 2253 243 2288 divina
269 2265 375 2302 atque
399 2254 557 2290 humana
582 2255 656 2289 iura
683 2255 820 2290 scelere
846 2254 985 2289 nefario
1013 2253 1213 2300 polluisset,
1231 2264 1403 2288 somnum
1422 2253 1543 2287 statim

121 2324 250 2358 capere
277 2315 469 2360 potuisset:
502 2326 699 2361 propterea
726 2314 822 2362 quod
851 2315 908 2361 qui
933 2323 1074 2348 tantum
1101 2312 1238 2347 facinus
1270 2312 1543 2355 commiserunt,

120 2382 197 2406 non
223 2373 335 2408 modo
362 2373 438 2409 sine
463 2385 546 2409 cura
573 2375 767 2421 quiescere,
797 2374 859 2408 sed
896 2384 942 2408 ne
986 2373 1118 2420 spirare
1159 2372 1305 2420 quidem
1340 2372 1417 2406 sine
1445 2381 1544 2406 metu

121 2442 276 2478 possunt
293 2447 325 2467 ».

218 2493 275 2538 (3)
300 2493 340 2528 In
364 2503 393 2529 1.
422 2503 452 2528 2.
481 2505 512 2540 q.
538 2504 594 2539 71.
620 2505 652 2528 a.
678 2494 709 2530 6.
738 2494 781 2528 ad
799 2503 835 2537 4.
857 2493 979 2540 Quem
997 2493 1121 2528 locum
1140 2503 1260 2538 super.
1281 2490 1544 2537 explicavimus

121 2551 194 2586 vol.
221 2552 248 2587 Ι.
275 2564 376 2589 num.
406 2551 487 2588 106.
515 2564 598 2600 pag.
626 2563 708 2601 295·
