1737 2802
230 196 315 241 Sed
348 198 431 240 iam
480 197 740 254 Angelicum
792 199 1030 242 Doctorem
1080 198 1187 243 hanc
1226 199 1385 243 thesim
1434 217 1541 258 pro-

108 267 282 312 bantem
316 268 540 312 audiamus
581 270 655 327 ‹‡1):
696 269 858 314 «Nihil
893 269 1091 328 prohibet
1124 266 1250 314 unius
1285 284 1400 314 actus
1449 288 1543 315 esse

109 340 221 384 duos
255 338 441 393 effectus,
477 355 665 398 quorum
689 340 792 384 alter
824 341 966 384 solum
1001 343 1055 384 sit
1077 343 1119 385 in
1153 342 1403 396 intentione,
1437 343 1541 386 alius

108 427 211 456 vero
245 413 300 455 sit
333 424 498 469 praeter
531 413 830 458 intentionem.
867 413 1054 457 Morales
1090 427 1231 457 autem
1270 426 1386 457 actus
1431 415 1542 457 reci-

108 483 234 541 piunt
265 484 453 541 speciem
488 483 726 527 secundum
762 484 817 542 id,
853 485 971 544 quod
1005 486 1256 539 intenditur,
1282 502 1371 529 non
1395 500 1538 530 autem

107 553 158 598 ab
193 570 261 612 eo,
295 554 412 613 quod
447 568 509 598 est
542 568 706 614 praeter
741 559 1039 614 intentionem,
1076 573 1172 601 cum
1210 559 1262 601 sit
1307 574 1380 616 per
1427 559 1541 601 acci-

109 624 229 669 dens.
268 627 328 669 Ex
362 639 455 669 actu
492 642 596 684 ergo
631 627 809 671 alicuius
844 630 1033 685 seipsum
1071 628 1336 672 defendentis
1385 628 1541 687 duplex
1599 676 1602 680 ,

107 697 287 742 effectus
321 699 442 756 sequi
477 712 633 756 potest:
670 716 778 742 unus
816 700 991 758 quidem
1029 702 1296 744 conservatio
1344 701 1540 758 propriae

108 770 233 823 vitae,
267 769 374 812 alius
409 782 551 812 autem
588 772 746 813 occisio
783 771 1034 816 invadentis.
1068 774 1201 815 Actus
1236 787 1340 829 ergo
1389 771 1539 814 huma-

110 854 208 892 nus,
244 856 295 883 ex
330 840 412 883 hoc
445 840 566 898 quod
601 842 837 885 intenditur
870 844 1139 886 conservatio
1175 844 1371 900 propriae
1414 843 1537 896 vitae,

105 925 196 953 non
232 909 356 953 habet
389 912 598 954 rationem
635 911 784 957 illiciti:
823 929 919 956 cum
955 913 1037 957 hoc
1071 915 1123 957 sit
1147 913 1317 957 cuilibet
1351 912 1539 956 naturale

108 981 226 1038 quod
259 997 304 1024 se
331 996 552 1026 conservet
585 984 626 1026 in
651 999 759 1039 esse,
795 997 1004 1042 qnantum
1036 998 1187 1043 potest.
1215 987 1362 1028 Potest
1395 998 1538 1028 tamen

51 1074 55 1078 ·
110 1054 260 1112 aliquis
295 1066 413 1097 actus
438 1070 488 1097 ex
511 1054 621 1098 bona
645 1056 885 1099 intentione
909 1058 1184 1113 provenienS,
1210 1057 1381 1100 illicitus
1405 1055 1539 1113 reddi,

106 1127 142 1168 si
176 1141 265 1169 non
301 1127 354 1169 sit
388 1128 742 1188 proportionatus
776 1127 864 1171 fini.
901 1130 951 1171 Et
986 1128 1082 1172 ideo
1116 1130 1150 1172 si
1185 1130 1334 1187 aliquis
1370 1128 1419 1171 ad
1459 1127 1536 1171 de-

107 1196 368 1241 fendendam
405 1199 622 1256 propriam
647 1200 779 1242 vitam
815 1212 956 1243 utatur
993 1202 1143 1243 maiori
1167 1200 1384 1254 violentia,
1409 1217 1537 1260 quam

109 1282 300 1327 oportet,
334 1271 410 1313 erit
444 1270 655 1314 illicitum.
691 1272 732 1315 Si
767 1286 870 1315 vero
906 1272 1125 1316 moderate
1167 1273 1415 1317 violentiam
1465 1290 1536 1317 re-

107 1339 248 1398 pellat,
281 1342 361 1384 erit
409 1342 520 1384 licita
570 1341 777 1386 defensio:
812 1359 908 1385 nam
958 1344 1197 1387 secundum
1232 1345 1323 1387 iura
1360 1345 1448 1387 vim
1496 1345 1537 1388 vi

107 1412 313 1471 repellere
346 1413 442 1456 licet
477 1430 575 1456 cum
620 1414 915 1457 moderamine
960 1416 1196 1473 inculpatae
1229 1415 1397 1460 tutelae.
1445 1417 1537 1460 Nec

108 1496 172 1527 est
206 1485 494 1528 necessarium
530 1485 580 1528 ad
615 1485 810 1542 salutem,
846 1499 890 1529 ut
930 1486 1064 1529 homo
1099 1499 1240 1530 actum
1290 1486 1536 1530 moderatae

103 1555 262 1599 tutelae
294 1557 603 1613 praetermittat
640 1556 691 1600 ad
739 1558 980 1600 evitandam
1030 1559 1295 1602 occisionem
1344 1558 1535 1615 alterius,

102 1794 314 1830 collisione.
338 1814 382 1821 -
410 1796 540 1830 Iuverit
567 1795 655 1830 haec
681 1796 788 1830 verba
817 1795 946 1830 addere
974 1807 1018 1829 ex
1044 1795 1256 1841 Vasquesi0‚
1284 1805 1344 1840 op.
1373 1803 1406 1828 et
1434 1793 1456 1828 l.
1477 1794 1536 1829 cit.

108 1855 191 1890 dub.
219 1853 251 1890 6.
279 1866 378 1890 num.
409 1865 472 1899 15.:
509 1855 643 1889 «Alias
669 1857 721 1890 ius
749 1855 868 1901 ipsum
897 1854 1060 1890 naturale
1080 1853 1354 1901 quodammodo
1372 1853 1535 1888 faciliora

106 1913 242 1949 faceret
271 1914 464 1949 hominurn
486 1909 690 1961 iniquorum
713 1913 886 1957 facinora,
907 1915 1036 1961 quibus
1057 1916 1130 1949 iure
1150 1922 1300 1948 naturae
1318 1925 1392 1948 non
1412 1923 1534 1960 posset

103 1975 258 2010 obviari.
274 1990 290 2005 »
321 1976 400 2010 Hoc
428 1976 499 2009 iam
528 1986 647 2021 super.
674 1975 763 2010 thes.
783 1975 862 2010 VII.
882 1987 963 2022 pag.
982 1975 1034 2017 85.
1055 1974 1435 2009 animadvertebamus
1453 1986 1534 2009 curn

103 2033 153 2068 -de
179 2033 283 2081 Lugo
311 2035 471 2082 aliisque.

203 2094 257 2138 (1)
282 2093 321 2128 In
350 2104 380 2128 2.
410 2105 442 2129 2.
469 2106 500 2141 q.
528 2093 584 2136 64.
612 2106 642 2129 a.
670 2104 699 2139 7.
730 2114 772 2118 —
800 2093 958 2135 Scilicet,
985 2093 1129 2141 quando
1150 2093 1244 2128 actio
1272 2102 1324 2129 est
1342 2094 1428 2128 bona
1455 2105 1534 2129 mo-

112 2152 232 2188 raliter
257 2152 314 2187 vel
331 2152 459 2188 saltem
479 2152 701 2195 indifferens,
722 2162 756 2187 et
784 2164 826 2187 ex
846 2164 884 2187 ea
904 2152 1053 2187 effectus
1079 2152 1209 2199 aliquis
1229 2153 1345 2187 malus
1364 2154 1536 2200 sequitur,

114 2212 251 2246 iicitum
278 2210 472 2259 aliquando
500 2221 550 2247 est
577 2212 758 2247 actionem
787 2212 885 2247 illam
916 2223 1064 2258 ponere,
1093 2223 1166 2246 non
1197 2212 1365 2247 obstante
1405 2211 1534 2248 effectu

104 2271 173 2306 'illo
202 2271 313 2314 malo,
339 2273 398 2319 qui
424 2284 466 2306 ex
494 2284 534 2307 ea
553 2272 795 2319 consequitur,
816 2272 842 2306 si
872 2272 1005 2306 scilicet
1025 2272 1171 2307 effectus
1197 2272 1255 2307 ille
1274 2272 1390 2308 malus
1419 2273 1533 2319 possit

110 2331 246 2366 censeri
267 2342 364 2366 mere
378 2333 560 2378 parnassus
587 2333 630 2366 ab
658 2343 701 2366 eo
730 2333 789 2378 qui
808 2343 887 2366 cam
909 2332 1091 2366 actionem
1119 2333 1237 2378 ponit.
1258 2332 1368 2378 Atqui
1394 2333 1430 2366 in
1457 2332 1536 2376 hac,

87 2389 153 2425 .-de
171 2402 240 2437 qua
266 2392 419 2437 agimus,
439 2392 648 2438 quaestione
675 2390 826 2426 effectus
853 2390 982 2433 malus,
1002 2392 1022 2426 i.
1039 2404 1068 2425 e.
1097 2402 1198 2425 rnors
1217 2390 1376 2434 alterius,
1399 2392 1534 2426 censeri

109 2461 229 2495 potest
255 2453 436 2498 permissus
463 2452 505 2485 ab
545 2463 599 2493 eo,
627 2451 684 2497 qui
725 2451 906 2497 propriam
947 2450 1110 2485 defendit
1139 2451 1264 2485 vitam:
1307 2449 1536 2485 conditiones
1575 2477 1579 2481 .

100 2511 300 2558 permissioi
327 2510 411 2556 (iam
442 2510 510 2543 alio
540 2510 637 2552 loco,
667 2509 738 2545 vol.
769 2520 795 2544 1.
822 2510 911 2544 thes.
937 2510 1035 2544 XIII.
1077 2521 1157 2556 pag.
1204 2520 1291 2554 117„
1319 2510 1533 2555 explicatae)

102 2569 147 2605 {n
174 2580 255 2604 casu
281 2570 352 2604 hoc
376 2569 614 2612 verificantur,
643 2577 677 2604 ut
706 2569 799 2604 clare
826 2570 972 2615 exponit
1000 2569 1139 2604 Doctor
1165 2569 1362 2616 angelicus.
