1737 2802
853 167 1118 209 -166—

272 265 380 307 hauc
414 262 553 305 multo
587 261 751 305 facilius
785 261 1010 319 multoque
1044 260 1197 304 melius
1233 276 1363 319 quam
1387 275 1462 319 per
1484 259 1611 304 illam.
1635 285 1699 294 —

272 334 408 388 Quod
440 347 582 377 autem
618 333 822 390 magister
856 344 896 376 et
918 331 1072 375 doctor
1104 347 1192 375 non
1226 332 1281 375 sit
1304 330 1407 375 alter
1439 331 1591 388 homo,
1617 330 1692 375 sed

272 407 361 464 ipse
395 406 529 459 Deus,
553 405 635 448 hoc
669 418 731 447 est
765 404 942 462 quidem
965 412 1127 462 praeter
1149 402 1215 446 vel
1241 411 1366 461 supra
1387 416 1582 446 naturam
1605 401 1696 446 ho·—

272 478 415 529 minis,
449 478 474 520 i.
507 493 542 519 e.
577 475 733 534 aliquid
757 477 794 518 ei
829 474 1067 518 indebitum
1103 490 1178 518 seu
1213 474 1451 518 naturalem
1483 475 1576 518 eius
1603 475 1696 518 exi-—

270 549 458 606 gentiam
493 547 716 601 excedens,
740 562 827 590 non
851 559 995 590 tamen
1019 559 1083 590 est
1106 556 1246 591 contra
1269 560 1462 591 naturam
1487 546 1696 591 hominis.

390 619 470 676 3⁰.)
503 619 603 662 Non
636 631 843 675 repugnat
875 634 924 661 ex
961 630 1078 675 parte
1112 618 1171 660 rei
1216 617 1476 662 revelandae.
1513 644 1565 650 -
1601 618 1696 661 Cur

271 691 384 733 enim
418 691 703 748 repugnaret?
738 691 868 744 Quia,
897 691 1030 746 aiunt,
1053 689 1190 732 nullae
1214 689 1369 733 dantur
1391 690 1591 733 veritates
1614 690 1696 733 ho-

271 761 457 804 minibus
490 763 677 815 occultae,
701 777 809 820 quae
842 762 1010 806 divinae
1042 761 1261 805 obiectum
1295 760 1565 805 revelationis
1599 777 1699 805 esse

271 835 450 892 possint.
484 835 613 892 Atqui
637 833 743 892 (hoc
777 835 904 877 etiam
941 833 1147 890 admisso,
1171 833 1289 892 quod
1323 849 1401 891 pro
1434 832 1698 876 revelatione

270 907 528 963 requiratur,
562 907 785 949 veritatem
810 922 902 949 esse
930 905 1165 964 occultam)
1200 904 1353 948 dantur
1384 906 1581 948 veritates
1615 904 1693 948 ho-

270 976 458 1019 minibus
492 976 699 1031 occultae,
726 977 833 1019 circa
857 977 1016 1030 Deum,
1050 976 1254 1030 animam,
1279 975 1550 1033 religionem,
1573 974 1697 1019 alias-

271 1063 352 1105 que
386 1063 451 1090 res
485 1049 670 1091 maxime
703 1049 811 1091 scitu
846 1049 1116 1092 necessarias

389 1120 440 1162 Et
474 1135 571 1163 sane
606 1120 762 1163 multae
798 1132 898 1162 sunt
931 1121 1148 1175 veritates,
1183 1135 1219 1162 e.
1243 1135 1284 1176 g.
1308 1117 1359 1162 de
1392 1119 1504 1175 Deo,
1536 1133 1642 1176 quae
1670 1133 1692 1161 a

268 1190 438 1232 nemine
473 1203 655 1247 possunt
686 1190 864 1233 naturali
897 1202 1064 1232 tantum
1088 1190 1264 1233 rationis
1298 1189 1502 1232 exercitio
1535 1188 1694 1246 detegi:

270 1261 428 1304 multae
461 1275 561 1305 sunt
594 1263 806 1319 veritateS,
839 1278 946 1320 quae
980 1263 1058 1305 etsi
1092 1261 1337 1305 naturaliter
1371 1260 1550 1304 inveniri
1584 1276 1696 1318 pos-

270 1333 367 1389 sint,
399 1345 543 1376 tamen
578 1333 629 1376 de
663 1332 772 1376 facto
807 1350 829 1376 a
862 1334 1034 1377 nemine
1066 1334 1134 1377 vel
1173 1346 1284 1377 certe
1317 1349 1339 1377 a
1381 1332 1503 1376 valde
1546 1333 1697 1389 paucis

271 1419 345 1461 per
377 1406 540 1462 seipsos
575 1405 858 1462 deteguntur:
893 1405 1052 1448 multae
1102 1417 1201 1448 sunt
1249 1406 1460 1460 veritates,
1495 1420 1530 1448 e.
1564 1419 1604 1461 g.
1640 1403 1696 1448 de

269 1476 422 1528 anima,
456 1491 638 1532 quarum
672 1475 871 1544 homines
905 1477 1141 1533 generatim
1174 1491 1262 1519 non
1309 1476 1434 1519 aliam
1483 1474 1560 1518 sibi
1610 1491 1692 1518 co-

269 1547 510 1603 gnitionem
545 1546 789 1590 naturaliter
823 1547 1065 1604 acquirunt,
1101 1547 1182 1590 nisi
1220 1545 1532 1604 imperfectam,
1564 1547 1694 1588 nimi-

269 1632 363 1658 rum
399 1616 630 1673 erroribus,
666 1616 819 1670 dubiis,
854 1617 1184 1660 obscuritatibus
1219 1617 1464 1676 implexam3
1499 1629 1544 1660 ut
1576 1630 1696 1675 patet

270 1688 311 1728 in
335 1688 400 1743 iis,
425 1689 497 1745 qui
520 1689 717 1731 vixerunt
751 1688 817 1731 vel
849 1690 999 1731 vivunt
1033 1688 1291 1732 revelatione
1325 1688 1533 1732 destituti.
1557 1690 1693 1747 Atqui

266 1757 343 1802 hae
375 1761 585 1816 veritates,
619 1762 814 1817 quamvis
847 1775 935 1803 non
969 1759 1123 1804 eodem
1168 1760 1320 1817 modo,
1351 1773 1495 1804 tamen
1536 1776 1694 1804 ornnes

267 1844 450 1888 possunt
483 1831 565 1874 dici
595 1844 636 1874 et
669 1844 769 1874 sunt
803 1830 1050 1874 hominibus
1084 1832 1289 1875 occultae.
1324 1832 1456 1887 Haec,
1488 1830 1540 1874 ad
1574 1847 1694 1889 prae·

267 1915 430 1945 sentem
480 1903 637 1946 thesim
683 1902 800 1961 quod
850 1904 1011 1960 attinet,
1054 1904 1245 1946 innuisse
1291 1902 1483 1946 sufficiat.
1533 1903 1694 1960 Ecquis·

267 1975 381 2016 enim
433 1975 543 2018 serio
593 1974 675 2017 hoc
721 1974 846 2029 dicet,
893 1976 1052 2029 omnia,
1102 1990 1209 2033 quae
1251 1976 1457 2030 existunt,
1504 1989 1600 2018 vera
1635 1976 1690 2017 ita

266 2061 357 2089 esse
395 2046 605 2090 humanae
640 2048 771 2090 menti
819 2060 1054 2105 perspecta,
1087 2059 1133 2090 ut
1176 2046 1282 2089 nihil
1330 2047 1528 2104 supersit,
1571 2045 1688 2104 quod

265 2132 287 2159 a
333 2118 429 2160 Deo
474 2119 609 2175 possit
652 2118 779 2176 pandi
820 2132 890 2162 aut
934 2119 1083 2162 saltem
1134 2117 1378 2162 clarificari?
1423 2119 1522 2162 Hoc
1570 2117 1693 2161 affir-

265 2204 380 2231 mare
414 2188 523 2232 foret
556 2190 671 2233 idem
705 2206 751 2233 ac
781 2206 986 2244 asserere,
1022 2190 1284 2234 intellectum
1319 2190 1558 2233 humanum
1593 2205 1686 2233 esse

264 2263 607 2315 omniscientem,
660 2278 733 2304 seu
783 2263 824 2304 in
871 2278 947 2305 sua
995 2264 1167 2305 eutitate
1216 2261 1380 2304 infinite
1434 2260 1693 2319 perfectum,

263 2347 360 2374 cum
404 2348 425 2374 e
475 2334 686 2376 contrario
742 2346 924 2387 constet,
977 2349 1077 2376 eum
1131 2349 1222 2377 esse
1270 2332 1388 2376 valde
1441 2331 1692 2388 limitatum,

263 2404 515 2461 magnisque
555 2404 739 2447 tenebris
784 2404 1040 2448 obvolutum
1079 2404 1162 2464 (1).
1199 2401 1252 2437 —‘-
1287 2403 1355 2448 Ad
1388 2419 1479 2447 rem
1511 2403 1686 2447 Aristo-

353 2572 408 2617 (1)
432 2572 585 2607 Pulchre
622 2573 846 2616 Lactantius,
888 2573 957 2608 div.
996 2573 1151 2608 institut.
1179 2571 1202 2608 1.
1234 2581 1267 2616 3.
1298 2584 1329 2608 c.
1359 2571 1406 2607 6.:
1446 2572 1610 2618 «Neque
1647 2578 1690 2606 te

255 2633 383 2667 onmia
408 2633 497 2667 scire
523 2641 636 2678 putes,
664 2632 760 2679 quod
787 2641 840 2667 est
859 2632 938 2675 Dei3
958 2643 1075 2679 neque
1094 2632 1219 2667 omnia
1245 2631 1400 2674 nescire,
1422 2630 1518 2678 quod
1544 2639 1598 2666 est
1623 2642 1690 2677 pe·
