1737 2802
799 158 1063 201 -132-

218 254 316 284 vota
350 253 448 283 sunt
470 252 588 282 actus
610 240 779 283 virtutis
813 240 1034 298 religionis
1068 257 1141 285 seu
1176 241 1334 286 latriae.
1367 245 1502 302 Atqui
1525 257 1642 289 actus

217 315 402 371 virtutis,
435 326 474 356 et
509 314 735 371 praecipue
781 314 952 356 virtutis
1000 313 1235 372 religionis,
1271 314 1428 360 cedunt
1476 317 1519 359 in
1557 317 1640 361 Dei

216 388 413 446 gloriam.
448 386 565 442 Ergo
599 385 744 428 omnia
777 397 876 428 vota
911 384 1122 428 honorem
1157 386 1254 428 Deo
1287 385 1493 430 tribuunt.

336 456 544 514 Obiicies,
576 471 663 500 non
697 471 826 499 omne
858 469 1011 499 votum
1045 472 1136 500 esse
1170 469 1311 500 actum
1335 458 1503 502 virtutis
1536 458 1642 502 reli-

215 531 372 588 gioniS,
421 546 456 572 e.
501 544 541 586 g.
584 540 738 571 votum
786 527 1016 571 ieiunandi.
1060 553 1116 560 —
1161 528 1442 586 Respondeo‚
1493 531 1640 575 omnia

215 603 389 661 quidem
424 614 523 645 vota
567 616 659 644 esse
705 612 847 643 actum
895 600 1065 643 virtutis
1100 599 1339 657 religionis,
1374 617 1462 646 non
1495 615 1638 647 tamen

215 676 361 719 omnia
390 674 522 717 eodem
542 682 712 731 prorsus
735 673 867 727 modo,
892 671 966 715 sed
999 671 1207 730 quaedam
1242 672 1461 717 dumtaxat
1482 676 1644 719 ratione

210 747 493 806 promissionis
526 746 612 789 Deo
637 745 791 803 factae,
842 760 949 802 quae
984 757 1047 787 est
1080 745 1262 787 essentia
1294 746 1396 799 voti,
1430 745 1640 804 quaedam

215 835 319 863 vero
353 831 393 862 et
424 820 582 861 ratione
599 817 884 876 promissionis
909 818 992 860 Deo
1017 816 1158 874 factae
1194 829 1234 859 et
1265 819 1421 861 ratione
1453 819 1512 862 rei
1536 827 1640 877 pro-

215 893 377 946 missae,
413 906 487 933 seu
522 890 722 932 materiae
755 889 859 931 voti.
889 889 1037 931 Priora
1059 901 1159 931 sunt
1181 900 1281 932 vota
1304 889 1384 945 illa,
1409 906 1516 948 quae
1537 906 1640 935 ver-

215 975 361 1006 santur
394 963 503 1005 circa
535 973 652 1004 actus
687 961 887 1018 proprios
922 958 1098 1002 aliarum
1133 960 1362 1015 virtutum,
1395 977 1430 1004 e.
1455 978 1494 1019 g.
1532 963 1640 1006 circa

214 1033 490 1078 sobrietatem
523 1032 589 1076 vel
623 1032 948 1075 continentiam:
996 1030 1074 1074 alia
1117 1046 1220 1075 vero
1268 1045 1368 1076 sunt
1402 1033 1484 1091 illa,
1531 1051 1642 1093 quae

212 1118 437 1149 versantur
471 1106 578 1147 circa
612 1117 728 1147 actus
763 1103 962 1161 proprios
995 1115 1035 1146 et
1069 1103 1341 1148 immediatos
1373 1106 1542 1150 virtutis
1578 1123 1639 1151 re-

212 1176 404 1235 ligioniS‚
439 1192 472 1220 e.
519 1191 559 1233 g.
607 1176 714 1218 circa
762 1175 1007 1217 orationem
1055 1173 1121 1217 vel
1170 1174 1427 1220 sacrificium
1461 1178 1535 1235 (1).
1570 1177 1638 1222 Ad

214 1265 304 1292 rem
339 1248 621 1291 Bellarmiuus
655 1247 729 1304 (2).·
769 1247 881 1290 «Est
916 1246 1234 1290 observandum
1259 1248 1301 1290 in
1333 1261 1437 1293 voto
1464 1264 1638 1309 semper

306 1452 359 1497 (1)
386 1449 443 1485 Cf.
470 1462 497 1484 S.
524 1450 721 1494 Thomam‚
750 1461 782 1485 2.
809 1460 840 1485 2.
869 1462 901 1496 q.
928 1449 984 1484 88.
1010 1460 1042 1483 a.
1072 1457 1112 1493 5.‚
1141 1460 1174 1485 et
1202 1450 1248 1487 cf.
1275 1453 1383 1487 etiam
1411 1465 1444 1500 q.
1470 1453 1526 1489 81.
1553 1466 1584 1490 a.
1607 1466 1637 1491 1.

210 1513 283 1548 Ubi
303 1514 337 1546 in
360 1512 595 1558 responsione
613 1511 655 1545 ad
688 1517 736 1545 1¹1¹.
755 1510 844 1544 haec
863 1509 982 1544 habet:
1015 1524 1031 1540 «
1047 1510 1190 1556 Religio
1210 1511 1319 1547 habet
1340 1512 1500 1558 duplices
1519 1522 1636 1550 actus:

209 1572 388 1619 quosdam
415 1572 560 1618 quidem
580 1572 745 1617 proprios
764 1580 797 1604 et
816 1570 1056 1612 immediatos,
1078 1581 1168 1616 quos
1195 1570 1304 1614 elicit,
1322 1583 1385 1617 per
1402 1584 1494 1619 quos
1520 1573 1638 1610 homo

208 1632 396 1667 ordinatur
422 1632 463 1666 ad
493 1631 611 1665 solum
637 1632 769 1671 Deum,
795 1630 886 1664 sicut
913 1630 1125 1672 sacrificare,
1154 1630 1306 1665 adorare
1335 1640 1370 1666 et
1397 1632 1466 1667 alia
1504 1633 1635 1669 huius·

211 1692 319 1727 modi:
347 1691 437 1725 alios
464 1700 584 1725 autern
611 1699 709 1725 actus
737 1690 856 1731 habet,
875 1700 965 1735 quos
984 1689 1151 1734 producit
1171 1689 1413 1726 mediantibus
1431 1691 1637 1737 virtutibus,

210 1751 339 1799 quibus
367 1752 529 1797 imperat,
556 1749 729 1784 ordinans
755 1759 818 1783 eos
845 1748 888 1782 ad
916 1748 1077 1783 divinam
1105 1750 1357 1793 reverentiam,
1384 1751 1465 1798 quia
1497 1752 1636 1788 scilicet

213 1812 336 1854 virtus,
362 1811 405 1845 ad
433 1821 538 1857 quam
566 1810 724 1855 pertinet
750 1809 845 1849 finis,
875 1809 1026 1854 imperat
1045 1809 1248 1852 virtutibus,
1269 1809 1313 1844 ad
1341 1822 1426 1857 quas
1454 1812 1636 1857 pertinent

213 1882 253 1906 ea
280 1881 370 1917 quae
398 1879 479 1904 sunt
506 1869 549 1904 ad
577 1868 700 1903 finem.
731 1869 773 1902 Et
799 1867 999 1902 secundum
1027 1867 1097 1902 hoc
1126 1876 1225 1902 actus
1263 1869 1450 1915 religionis
1488 1870 1639 1916 ponitur

212 1942 303 1972 esse,
329 1930 471 1964 visitare
492 1928 643 1976 pupillos
669 1933 699 1962 et
722 1926 844 1961 viduas
870 1928 905 1960 in
932 1927 1153 1962 tribulatione
1180 1939 1312 1971 eorum,
1331 1929 1428 1975 quod
1456 1937 1509 1964 est
1535 1938 1638 1965 actus

211 1990 348 2025 elicitus
376 2002 394 2024 a
421 1988 682 2023 misericordia:
712 1988 973 2021 immaculatum
1007 1991 1118 2022 autem
1144 1998 1176 2022 se
1202 1986 1368 2022 custodire
1395 1989 1438 2023 ab
1463 1989 1523 2023 hoc
1556 2000 1633 2024 sac·

208 2050 299 2092 culo,
328 2048 539 2095 imperative
565 2046 711 2094 quidem
739 2056 791 2082 est
817 2046 1016 2093 religionis»,
1042 2046 1196 2082 elicitive
1222 2056 1343 2082 autem
1369 2049 1636 2095 temperantiae

208 2108 266 2143 vel
293 2109 442 2142 alicuius
467 2106 678 2142 huiusmodi
705 2106 858 2141 virtutis.
882 2121 898 2136 »
931 2107 1071 2149 Quibus
1098 2106 1292 2152 postremis
1325 2107 1443 2142 verbis
1481 2107 1636 2154 explicat

209 2169 439 2210 sententiam,
468 2179 558 2214 quae
585 2166 715 2213 legitur
753 2166 790 2200 in
829 2167 932 2211 epist.
972 2165 1107 2201 cathol.
1134 2177 1161 2201 s.
1188 2166 1257 2201 Iac.
1287 2166 1314 2201 1.
1341 2177 1412 2212 27.:
1450 2167 1634 2215 «Religio

209 2228 345 2262 munda
370 2237 403 2262 et
430 2226 662 2261 immaculata
688 2226 780 2272 apud
804 2227 924 2261 Deum
951 2234 984 2260 et
1011 2226 1153 2260 Patrem
1181 2225 1269 2260 haec
1297 2234 1363 2269 est,
1390 2225 1536 2262 visitare
1562 2238 1632 2273 pu-

211 2286 320 2333 pillos
347 2294 379 2321 et
407 2276 533 2320 viduis
552 2287 588 2320 in
615 2285 846 2321 tribulatione
867 2296 1006 2327 eorum,
1033 2294 1066 2319 et
1084 2285 1359 2321 immaculatum
1385 2296 1424 2320 se
1449 2286 1635 2322 custodire

211 2347 256 2381 ab
282 2346 352 2381 hoc
379 2347 571 2381 saeculo.»

304 2413 358 2459 (2)
385 2414 440 2448 De
466 2414 567 2448 Mon.
597 2411 620 2447 l.
647 2412 690 2447 11.
717 2423 746 2447 c.
783 2420 834 2454 14.
865 2411 957 2446 Hinc
983 2410 1079 2445 idem
1107 2420 1233 2447 auctor
1257 2413 1306 2446 sic
1333 2411 1460 2447 definit
1488 2420 1632 2447 votum:

208 2473 369 2519 religiosa
397 2472 590 2519 promissio
617 2471 767 2506 alicuius
793 2470 1060 2506 excellentioris
1086 2471 1182 2515 boni,
1201 2471 1281 2507 Deo
1309 2470 1413 2514 facta,
1439 2471 1551 2506 libera
1567 2478 1633 2506 vo·

210 2532 359 2568 luntate.
386 2532 495 2567 Addit
522 2532 659 2566 scilicet
685 2542 814 2566 vocem
843 2529 956 2572 illam,
984 2530 1156 2576 religiosa,
1184 2539 1221 2566 ut
1247 2530 1426 2577 significet
1443 2531 1543 2564 cuius
1563 2530 1634 2565 vir-

209 2593 295 2628 tutis
321 2602 420 2627 actus
448 2593 492 2627 sit
519 2600 657 2632 votum,
684 2591 854 2626 nimirum
881 2590 1068 2636 religionis,
1095 2602 1187 2637 quae
1213 2591 1323 2626 virtus
1348 2589 1540 2637 praecipua
1578 2599 1633 2626 est

207 2652 301 2688 inter
326 2651 483 2687 morales
508 2652 670 2686 virtutes.
