1737 2802
176 233 324 290 Itaque
358 233 552 276 limitatio
599 233 757 274 merito
813 231 968 274 dicitur
1011 230 1251 273 essentialis
1296 228 1485 273 conditio

55 305 163 349 iuris
198 303 422 347 cuiuslibet
456 303 646 346 humani.
683 303 901 356 Quocirca
935 303 976 344 in
1011 300 1197 359 Syllabo,
1222 314 1268 344 ut
1302 301 1382 344 aiio
1415 299 1486 344 lo-

59 391 110 420 co
145 375 204 433 (1)
238 376 320 418 iam
355 374 559 431 diximus,
593 391 639 417 ea
673 375 829 416 merito
865 372 1178 416 condemnatur
1226 373 1486 430 propositio,

54 462 167 506 quae
199 447 363 503 asserit,
401 445 521 489 civile
550 447 616 488 ius
636 445 823 503 quodam
850 444 1124 496 pollere‘iure
1148 443 1274 487 nuliis
1299 445 1487 486 circum-

57 519 224 575 scripto
257 517 483 560 limitibus.

181 590 378 642 Quaeres
403 601 562 646 autem,
580 588 794 631 undenam
821 586 863 628 hi
888 586 1062 642 limites,
1081 585 1235 644 quibus
1261 586 1325 628 ius
1351 585 1487 644 quod—

57 661 123 705 vis
156 661 394 704 humanum
429 659 804 712 circumscribitur,
838 658 1032 715 dignosci
1056 658 1245 715 queant?
1279 658 1342 700 Ex
1378 673 1486 700 con-

57 732 318 777 sideratione
350 745 390 775 et
437 732 702 789 inspectione
733 729 854 786 legis:
908 729 974 772 lex
1007 730 1121 771 enim
1157 728 1242 772 duo
1286 741 1487 786 praestat,

59 806 268 849 nimirum
304 817 345 847 et
378 805 497 860 iuris,
521 803 638 862 quod
662 802 829 846 homini
867 800 1049 858 confert,
1075 802 1345 843 existentiam
1370 813 1488 858 pate-

59 875 174 932 facit,
217 888 257 918 et
290 877 465 933 insuper
496 874 601 917 fines
636 875 762 917 etiam
797 889 869 916 seu
897 873 1105 915 terminos
1140 871 1348 928 designat,
1383 872 1489 914 intra

61 962 176 1006 quos
200 947 265 989 ius
291 945 468 989 confert.
504 946 592 989 Lex
625 946 766 1002 itaque
789 943 1016 1001 diligenter
1053 942 1340 1001 perpendatur
1373 943 1491 987 iuxta

59 1033 186 1061 sanae
206 1018 548 1075 interpretationis
570 1016 628 1072 (2)
652 1014 835 1073 regulas.
869 1016 960 1058 Hae
985 1027 1127 1058 autem
1152 1013 1323 1071 regulae
1346 1013 1396 1057 ad
1414 1013 1488 1056 has

60 1101 146 1132 tres
171 1090 394 1146 praecipue
428 1101 682 1131 revocantur
704 1088 778 1144 (3):
803 1114 861 1119 ——
885 1087 937 1143 1.)
955 1085 1096 1130 Verba
1119 1086 1223 1142 legis
1248 1084 1489 1143 accipienda

60 1173 162 1204 sunt
195 1160 312 1203 iuxta
344 1161 562 1217 propriam
597 1172 636 1203 et
671 1159 894 1203 communi
929 1174 1007 1200 usu
1043 1169 1255 1215 receptam
1280 1155 1492 1213 significa-

63 1232 244 1288 tionem,
276 1232 356 1274 nisi
393 1231 496 1289 quid
530 1230 761 1274 absurdum
797 1243 868 1273 aut
901 1230 1110 1272 iniustum
1145 1227 1243 1271 inde
1275 1241 1491 1286 sequatur.

68 1328 123 1334 -
158 1302 216 1358 2.)
250 1302 297 1345 In
331 1301 461 1345 dubio
495 1314 638 1345 autem
673 1301 724 1345 de
756 1317 859 1344 vero
883 1300 989 1358 legis
1018 1316 1159 1354 sensu,
1184 1299 1490 1343 attendendum

60 1385 130 1416 est
154 1371 205 1416 ad
238 1385 429 1416 mentem
463 1371 735 1429 legislatoriS,
768 1371 819 1415 ad
852 1371 982 1415 finem
1017 1370 1123 1428 legis
1157 1383 1197 1414 et
1228 1370 1279 1414 ad
1302 1371 1492 1413 circum-

63 1446 241 1488 stantias
274 1444 341 1487 vel
373 1444 670 1488 antecedentes
705 1445 770 1487 vel
808 1456 1137 1502 consequentes,
1183 1469 1240 1476 —
1290 1443 1352 1498 3.)
1400 1443 1491 1486 Lex

63 1515 256 1574 poenalis
291 1529 330 1560 et
365 1515 516 1560 odiosa
547 1517 589 1559 in
625 1515 755 1560 dubio
790 1529 852 1559 est
885 1517 1028 1559 stricte
1066 1513 1398 1573 interpretanda,
1431 1513 1491 1557 les

63 1766 111 1791 eo
139 1755 250 1790 modo
279 1767 390 1802 eaque
417 1755 663 1801 pr··portione,
691 1767 797 1802 quam
827 1754 892 1790 fert
921 1755 1062 1800 propria
1089 1754 1254 1796 subiecti,
1283 1753 1318 1787 in
1348 1764 1419 1799 quo
1439 1764 1492 1787 re-

65 1815 209 1861 cipitur,
235 1816 415 1861 capacitas
443 1825 477 1850 et
503 1816 703 1861 dispositio.
729 1815 838 1861 (Hinc
866 1827 896 1849 e.
924 1826 957 1861 g.
984 1814 1042 1849 lex
1077 1823 1222 1849 aeterna
1258 1813 1492 1860 participatur

66 1885 87 1909 a
112 1875 224 1910 brutis
250 1876 284 1909 in
311 1874 423 1922 iisque
452 1875 619 1920 recipitur
647 1886 709 1920 per
736 1874 885 1908 modum
913 1874 1100 1908 instinctus
1128 1885 1190 1908 seu
1223 1873 1491 1908 aestimationis

66 1935 250 1978 naturalis,
277 1946 352 1969 non
378 1944 498 1970 autem
526 1947 589 1981 per
618 1935 766 1969 modum
792 1934 893 1979 legis,
920 1934 1021 1968 cuius
1049 1933 1184 1967 scilicet
1211 1932 1313 1967 bruta
1348 1932 1491 1978 capacia

63 2007 137 2032 non
163 1995 269 2040 sunt).
297 1995 364 2030 Sed
394 1996 537 2041 propria
566 1995 725 2030 hominis
764 1993 942 2040 capacitas
970 2003 1003 2027 et
1036 1993 1223 2038 dispositio
1252 2001 1304 2027 est
1346 2003 1492 2037 semper

66 2055 178 2091 finita.
204 2054 299 2101 Ergo
327 2065 407 2088 cum
434 2054 549 2089 homo
577 2054 630 2088 ius
656 2055 790 2099 recipit,
819 2052 907 2087 illud
934 2064 1078 2098 semper
1096 2051 1208 2086 modo
1236 2051 1358 2097 recipit
1378 2050 1492 2085 finito.

161 2114 213 2159 (ι)
239 2113 296 2149 Cf.
322 2125 438 2160 super.
465 2114 537 2148 vol.
568 2125 596 2148 1.
622 2114 714 2149 thes.
745 2114 785 2148 L.
815 2124 893 2159 pag.
926 2121 1002 2159 393.
1031 2123 1131 2146 num.
1165 2121 1240 2154 144.
1259 2130 1303 2137 ——
1322 2111 1360 2146 Si
1384 2111 1492 2146 civile

67 2173 122 2209 ius
147 2182 250 2213 esset,
277 2173 588 2220 quemadmodum
617 2173 795 2207 affirmant
824 2172 938 2214 multi,
957 2171 1050 2206 fons
1069 2180 1103 2206 et
1131 2171 1235 2217 origo
1256 2170 1420 2204 «mnium
1440 2170 1494 2204 iu—

67 2234 280 2275 rium,tunc
321 2244 406 2267 sane
444 2231 537 2268 foret
577 2232 631 2266 ius
660 2232 897 2267 illim³taturn.
937 2231 1006 2265 Sed
1043 2229 1130 2265 illud
1169 2229 1278 2276 gratis
1313 2229 1492 2269 asseritur,

67 2293 182 2327 Immo
201 2301 325 2327 contra
352 2292 475 2326 omnia
501 2302 617 2326 rectae
637 2291 785 2326 rationis
814 2290 997 2336 principia.
1026 2290 1121 2336 Ergo
1143 2289 1195 2323 ius
1215 2289 1317 2323 civile
1337 2299 1412 2322 non
1434 2296 1490 2322 est

68 2363 186 2399 neque
213 2363 290 2388 esse
316 2360 435 2397 potest
463 2350 694 2387 illimitatum.

166 2412 219 2457 (2)
245 2411 338 2446 Vide
367 2422 456 2458 quae
476 2411 526 2445 -de
553 2410 641 2457 legis
669 2410 968 2456 interpretatione
1012 2408 1168 2442 diximus
1203 2418 1318 2453 super.
1363 2407 1438 2441 voi.
1468 2406 1494 2440 Ι.

68 2472 162 2512 thes.
188 2472 228 2507 L.
255 2483 335 2518 pag.
366 2470 442 2517 396.
470 2470 529 2506 ‹:f.
558 2473 701 2514 Suarez,
729 2471 773 2505 do
802 2470 870 2516 leg.
900 2470 922 2504 l.
950 2469 1012 2503 VI.
1041 2479 1092 2503 cc.
1125 2476 1199 2510 1·5.

165 2532 220 2576 (3)
246 2532 295 2566 Ita
325 2543 350 2566 5.
380 2531 592 2575 Alphonsus
618 2531 660 2565 de
688 2531 849 2576 Ligorio,
876 2529 918 2563 de
946 2529 1022 2575 leg.
1049 2538 1148 2562 num.
1169 2536 1252 2562 201).
1274 2538 1280 2560 :
1313 2525 1424 2572 Gury,
1451 2525 1496 2559 de

74 2590 145 2639 leg.
173 2603 274 2627 num.
309 2601 385 2626 112.
