1737 2802
631 113 690 122 ..
727 102 806 144 129
840 113 897 120 --

52 184 260 229 luntatem
295 183 504 238 excludit3
551 183 594 228 id
627 182 744 241 quod
777 195 841 227 est
875 182 1055 226 absolute
1087 185 1356 228 necessarium
1387 200 1481 228 esse

52 256 118 301 vel
150 272 238 300 non
271 271 379 312 esse,
411 254 529 299 nullo
564 254 697 298 modo
732 255 809 298 sub
842 267 946 298 voto
980 254 1104 299 cadit.
1141 255 1332 299 Stultum
1363 258 1479 300 enim

55 341 182 383 esset,
217 329 252 371 si
285 328 380 386 quis
413 340 591 371 voveret
623 343 668 370 se
696 343 788 370 esse
813 327 1094 383 moriturum,
1119 327 1184 370 vel
1207 343 1253 371 se
1275 343 1365 372 non
1387 343 1481 371 esse

54 400 312 444 volaturum.
346 398 456 443 Illud
488 415 609 452 vero,
644 399 761 457 quod
795 414 884 442 non
912 398 1036 442 habet
1059 398 1300 443 absolutam
1327 415 1482 444 neces-

57 471 242 526 sitatem,
275 469 347 513 sed
382 471 646 514 necessitatem
669 469 769 527 finis
805 468 880 526 (1),
915 483 1017 527 puta
1050 471 1147 528 quia
1185 472 1276 515 sine
1310 487 1361 515 eo
1395 487 1484 516 non

57 553 200 599 potest
233 556 326 585 esse
360 540 486 598 salus,
519 541 629 584 cadit
664 541 838 599 quidem
874 540 950 584 sub
978 553 1094 590 voto,
1132 543 1385 600 inquantum
1411 559 1483 587 vo-

59 612 239 656 luntarie
259 610 319 665 fit,
352 628 438 655 non
465 625 605 655 autem
631 613 884 669 inquantum
911 625 973 655 est
996 615 1239 656 necessitatis
1262 614 1346 672 (2).
1373 614 1485 658 Illud

60 696 220 741 autem,
253 683 369 742 quod
403 699 542 741 neque
577 683 685 726 cadit
717 682 794 747 sub
828 683 1076 725 necessitate
1110 683 1319 737 absoluta,
1344 701 1483 743 neque

61 753 138 797 sub
172 754 421 796 necessitate
455 752 567 808 finis,
603 755 768 796 omnino
801 762 855 795 est
886 753 1185 805 voluntarium,
1213 766 1254 797 et
1285 754 1380 798 ideo
1405 755 1488 799 hoc

54 826 335 883 propriissime
356 825 417 881 (3)
440 823 549 867 cadit
572 824 649 867 sub
673 837 791 868 voto.
822 825 919 867 Hoc
942 837 1083 867 autem
1110 825 1262 868 dicitur
1285 842 1377 870 esse
1402 843 1488 870 ma-

158 1063 214 1109 (1)
242 1063 339 1098 Haec
365 1065 560 1098 necessitas
586 1063 667 1097 finis
693 1072 745 1098 est
771 1064 939 1108 obligatio
966 1064 1115 1098 moralis.
1144 1062 1199 1100 Cf.
1218 1077 1334 1111 super.
1362 1068 1438 1103 vol.
1461 1069 1489 1104 Ι.

62 1122 156 1158 thes.
181 1121 349 1157 XXXIX.
377 1132 459 1168 pag.
488 1132 568 1168 322.

162 1181 214 1228 (2)
237 1181 274 1217 S.
299 1181 475 1224 Thomas,
503 1181 523 1217 l.
553 1193 592 1224 c.,
619 1183 653 1216 in
681 1192 772 1227 resp.
799 1182 842 1216 ad
873 1188 923 1218 1¹¹¹.
949 1182 1047 1218 addit
1085 1183 1187 1218 haec:
1220 1185 1338 1220 «Hoc
1377 1188 1491 1222 modo

67 1241 131 1276 sub
156 1249 244 1276 voto
270 1241 534 1286 baptizatorum
574 1241 667 1275 cadit
704 1241 945 1276 abrenuntiare
967 1243 1105 1289 pompis
1147 1242 1279 1278 diaboii
1317 1254 1352 1280 et
1387 1245 1492 1292 fidem

71 1299 202 1334 Christi
225 1310 374 1342 servare,
402 1301 484 1346 quia
509 1300 713 1334 voluntarie
740 1299 790 1338 fit,
818 1300 900 1335 licet
927 1301 971 1336 sit
999 1301 1042 1337 de
1069 1304 1283 1339 necessitate
1310 1305 1447 1342 salutis.
1471 1322 1488 1339 »

67 1358 165 1405 Ergo
192 1366 292 1393 actus
318 1359 415 1401 boni,
443 1359 502 1405 qui
528 1367 611 1393 sunt
636 1359 693 1393 sub
715 1364 909 1406 praecepto,
936 1371 1087 1406 possunt
1114 1373 1192 1396 esse
1224 1365 1376 1400 materia
1403 1366 1495 1401 voti.

68 1438 113 1446 —
141 1419 317 1462 Quaeres:
346 1430 428 1454 curn
455 1427 582 1453 votum
610 1419 725 1464 (iuxta
752 1420 920 1454 traditam
948 1420 1198 1456 definitionem
1236 1431 1271 1458 et
1305 1424 1497 1472 vulgatum

70 1478 234 1524 axioma)
263 1480 307 1514 sit
332 1477 370 1513 de
395 1479 481 1513 bono
507 1478 655 1521 meliori,
683 1490 842 1526 quonam
870 1490 978 1514 sensu
1007 1488 1104 1515 actus
1131 1483 1313 1528 praecepti
1343 1494 1498 1529 possunt

70 1539 275 1584 computari
301 1539 394 1573 inter
420 1537 564 1572 meliora
590 1537 702 1572 bona?
728 1537 938 1585 Respondet
955 1538 1096 1583 Suarez,
1117 1539 1160 1574 de
1178 1550 1266 1576 voto
1293 1542 1316 1577 l.
1343 1543 1390 1577 II.
1413 1553 1446 1579 c.
1465 1542 1498 1580 6.

69 1609 170 1634 num.
203 1609 266 1643 17.:
294 1609 316 1631 «
334 1598 415 1645 quia
442 1606 475 1633 et
502 1606 585 1632 sunt
612 1598 743 1644 optimi
769 1606 869 1632 actus
897 1607 932 1633 et
973 1597 1199 1645 praeferendi
1240 1610 1324 1636 sunt
1362 1603 1502 1638 actibus

70 1668 149 1692 non
172 1658 377 1704 praeceptis
403 1666 738 1704 quantumcumque
764 1658 880 1701 bonis,
908 1659 968 1704 qui
997 1657 1105 1693 simul
1123 1658 1203 1693 fieri
1235 1671 1310 1695 non
1329 1671 1498 1707 possunt:

70 1718 204 1753 merito
231 1717 329 1752 enim
355 1717 492 1752 bonum
531 1716 660 1751 melius
697 1717 838 1759 dicitur,
868 1717 966 1764 quod
1004 1717 1076 1752 tale
1115 1727 1179 1761 est,
1206 1727 1244 1754 ut
1283 1721 1502 1768 cuicumque

71 1776 139 1811 sibi
180 1777 353 1823 opposito
393 1775 670 1823 praeferendum
708 1777 764 1820 sit,
792 1777 869 1812 sive
903 1777 991 1812 illud
1031 1777 1279 1824 praecipiatur
1316 1780 1391 1815 sive
1417 1792 1505 1817 non.

73 1835 185 1878 Quod
213 1836 242 1870 si
267 1836 303 1870 in
331 1846 375 1870 eo
403 1846 510 1870 sensu
537 1844 700 1870 sumatur
725 1835 813 1870 illud
838 1835 996 1878 axioma,
1026 1844 1156 1870 votum
1187 1847 1263 1871 esse
1289 1836 1334 1871 de
1360 1837 1506 1873 meliori

71 1897 184 1939 bono,
209 1895 243 1929 id
272 1904 335 1938 est,
363 1895 406 1929 de
432 1895 545 1938 bono,
573 1896 667 1942 quod
695 1895 737 1929 ad
766 1895 896 1929 melius
922 1906 1001 1930 esse
1027 1896 1229 1930 consulitur
1248 1904 1281 1931 et
1309 1908 1384 1931 non
1403 1909 1504 1944 prae-

75 1956 216 2002 cipitur,
239 1955 288 1990 sic
316 1953 420 1990 facile
446 1963 564 2001 potest
590 1955 715 2001 negari
740 1955 813 1990 tale
840 1955 1070 2000 principium,
1100 1956 1183 2001 quia
1210 1955 1312 1990 nullo
1338 1956 1428 1999 iure,
1446 1968 1504 1991 ra-

75 2015 175 2049 tione
201 2012 259 2048 vel
286 2014 497 2049 auctoritate
516 2012 633 2048 fulciri
650 2023 781 2060 potest.
799 2013 896 2049 Addi
915 2024 1002 2048 vero
1022 2022 1157 2059 potest,
1177 2015 1288 2049 etiam
1308 2014 1374 2050 illo
1392 2016 1505 2051 modo

76 2085 184 2120 posse
210 2075 246 2108 in
273 2074 394 2120 aliquo
420 2084 527 2109 sensu
552 2073 739 2117 verificari,
757 2073 828 2108 hoc
857 2081 987 2108 votum
1013 2073 1058 2108 de
1086 2085 1122 2108 re
1142 2083 1336 2120 praecepta
1367 2085 1443 2110 esse
1463 2076 1507 2109 de

78 2132 223 2168 meliori
249 2134 357 2176 bono,
385 2134 466 2180 quia
492 2133 577 2169 licet
610 2132 672 2167 illa
707 2133 857 2168 materia
896 2132 1097 2167 secundum
1137 2144 1176 2167 se
1216 2134 1261 2168 sit
1303 2144 1508 2180 praecepta,

78 2198 201 2226 tamen
228 2191 323 2238 quod
351 2191 409 2226 fiat
438 2192 569 2227 intuitu
595 2191 782 2238 religionis
809 2200 843 2226 et
870 2191 966 2237 quod
1007 2202 1069 2236 per
1106 2200 1231 2226 votum
1273 2202 1509 2228 consecretur

79 2250 175 2293 Deo,
199 2259 432 2296 praeceptum
459 2262 534 2285 non
561 2261 624 2293 est,
651 2260 684 2285 et
711 2260 748 2286 ut
775 2251 824 2285 sic
851 2259 978 2285 votum
1007 2250 1095 2284 illud
1123 2259 1243 2296 potest
1261 2251 1332 2285 dici
1358 2251 1402 2287 de
1429 2263 1508 2287 me·

80 2310 161 2347 liori
190 2311 300 2354 bono,
327 2311 408 2357 quia
435 2311 564 2345 melius
590 2320 642 2346 est
667 2310 754 2344 illud
782 2311 898 2356 ipsum
926 2309 1058 2344 factum
1089 2322 1132 2345 ex
1157 2318 1258 2352 voto,
1277 2322 1386 2358 quarn
1414 2320 1508 2347 esset

81 2370 160 2405 sine
186 2376 320 2404 voto.»
348 2369 391 2404 Et
417 2369 498 2416 lege
523 2380 574 2411 ea,
601 2380 690 2416 quae
715 2368 844 2403 subdit.

176 2429 235 2474 (3)
261 2428 359 2464 Nota
372 2429 409 2462 τὸ
425 2429 674 2475 propriissime.
693 2442 711 2459 α
725 2428 876 2463 Materia
889 2428 1216 2474 supererogationis,
1232 2429 1348 2474 inquit
1363 2428 1505 2470 Suarez,

83 2487 126 2522 de
154 2496 244 2523 voto
271 2487 294 2522 l.
321 2487 365 2522 ΙΙ.
393 2499 422 2522 c.
449 2486 484 2524 6.
512 2499 612 2522 num.
639 2487 684 2529 8.,
709 2487 839 2522 dicitur
858 2488 1009 2534 propria
1040 2496 1225 2531 votorum,
1252 2499 1326 2523 non
1353 2487 1436 2534 quia
1466 2488 1512 2522 sit

81 2546 282 2594 adaequata,
309 2548 368 2583 sed
398 2549 478 2595 quia
506 2557 558 2583 est
578 2547 773 2594 praecipua
799 2556 832 2581 et
860 2546 903 2581 de
926 2558 966 2582 se
993 2547 1110 2593 magis
1147 2547 1426 2582 accommodata
1463 2545 1507 2581 ad

1329 2652 1336 2657 -
1371 2627 1393 2663 9
