1737 2802
771 152 831 159 -·
866 140 948 183 357
983 152 1040 160 ’-

184 222 371 280 plemus,
394 222 428 265 si
451 221 738 265 abstineamus
774 238 795 264 a
827 221 1038 265 laedendo
1068 222 1271 280 proximo
1294 223 1338 265 in
1370 221 1493 266 bonis
1517 223 1621 267 suis.

182 319 246 326 —-
277 283 570 351 NegossNam
604 295 744 337 mutui
771 295 930 337 amoris
965 305 1244 352 praeceptum
1278 305 1341 337 est
1372 293 1471 338 hoc:
1505 293 1623 352 dilige

179 366 422 424 proximum
456 376 572 409 tuum
619 368 718 410 sicut
769 367 954 423 teipsum,
990 366 1015 407 i.
1050 381 1085 408 e.
1119 377 1161 408 te
1195 380 1318 423 geras
1366 381 1468 423 erga
1515 367 1619 412 alios

182 437 402 495 homines,
435 439 545 481 sicut
579 451 754 495 exoptas
791 437 897 480 alios
922 453 965 480 se
999 452 1150 494 gerere
1183 452 1283 494 erga
1314 450 1367 483 te.
1393 439 1528 497 Atqui
1555 455 1618 483 ra—

179 509 446 552 tionabiliter
480 521 754 566 exoptamus,
778 523 864 551 non
902 507 1046 551 solum
1081 520 1127 551 ut
1149 508 1218 550 alii
1242 508 1284 551 in
1306 507 1429 552 bonis
1456 511 1616 554 nostris

178 597 263 625 nos
295 597 385 625 non
418 581 598 634 laedant,
632 580 707 624 sed
741 581 871 623 etiam
905 592 950 624 ut
973 579 1041 623 alii
1075 578 1198 622 nobis
1223 579 1377 623 solatio
1412 593 1453 624 et
1486 581 1615 626 adiu-

181 665 333 696 mento
367 653 452 695 sint
485 653 526 693 in
560 653 719 695 nostris
754 653 972 695 aerumnis
1020 664 1060 694 et
1112 651 1448 698 necessitatibus.
1498 655 1616 712 Ergo

179 724 390 769 debemus
424 739 509 767 non
547 723 690 766 solum
724 739 812 766 non
848 723 1015 767 laedere
1048 722 1154 767 alios
1203 724 1245 766 in
1279 740 1432 767 eorum
1475 724 1615 784 bonis,

178 797 258 841 sed
291 799 418 840 etiam
454 797 557 841 alios
593 797 792 842 adiuvare
826 814 872 841 ac
905 797 1031 841 solari
1066 799 1108 840 in
1143 813 1294 840 eorum
1328 799 1538 854 angustiis
1574 810 1615 842 et

175 869 443 926 indigentiis.
479 870 626 923 Quare
661 869 849 913 naturale
884 870 985 913 illud
1031 870 1307 928 principium,
1344 869 1460 926 dilige
1504 877 1608 927 pro·-

172 941 336 983 ximmn
371 950 490 984 tuum
523 943 628 985 sicut
662 943 848 999 teipsum,
883 940 1040 997 duplex
1079 942 1272 984 continet
1319 953 1611 999 praeceptum,

174 1011 359 1055 aiterum
395 1015 648 1070 negativum,
678 1013 860 1056 alterum
894 1013 1208 1070 affirmativum.
1232 1013 1430 1057 Primum
1464 1012 1614 1071 ptohi-

172 1083 263 1141 bet,
297 1100 350 1127 ne
384 1100 431 1128 ea
464 1084 587 1136 mala,
613 1101 720 1142 quae
754 1084 877 1128 nobis
903 1084 1046 1128 inferri
1080 1084 1129 1128 ab
1152 1084 1242 1127 aliis
1275 1084 1495 1135 nolumus,
1519 1084 1610 1128 aliis

174 1155 427 1200 inferamus:
464 1156 611 1214 «quod
642 1156 694 1199 ab
726 1157 807 1199 alio
842 1156 972 1199 oderis
995 1156 1092 1214 fieri
1124 1155 1208 1213 tibi,
1241 1155 1332 1199 vide
1366 1172 1413 1199 ne
1446 1166 1491 1200 tu
1527 1157 1611 1200 ali-

170 1226 340 1284 quando
372 1227 493 1270 alteri
515 1227 693 1284 facias»
734 1226 821 1285 (Ι).
859 1226 1108 1270 Secundum
1160 1228 1379 1285 praecipit,
1412 1240 1459 1270 ut
1506 1227 1610 1272 illud

172 1297 357 1351 bonum,
394 1298 512 1356 quod
545 1298 667 1341 nobis
705 1297 844 1342 afferri
878 1297 927 1341 ab
963 1298 1054 1341 aliis
1088 1299 1308 1356 volumus,
1341 1298 1460 1342 alteri
1491 1316 1610 1358 prae·

169 1372 366 1416 beamus:
403 1373 582 1414 «omnia
615 1385 898 1429 quaecumque
933 1370 1063 1413 vultis
1096 1379 1140 1413 nt
1162 1371 1326 1429 saciant
1373 1369 1487 1415 vobis
1534 1373 1609 1416 ho-

171 1444 315 1496 mines,
348 1451 383 1485 et
416 1457 489 1486 vos
519 1443 642 1496 facite
676 1442 794 1485 illis»
835 1441 919 1500 (2).
944 1442 1141 1484 Primum
1177 1442 1346 1486 exhibet
1373 1442 1512 1486 officia
1543 1445 1610 1488 iu-

169 1515 319 1570 ridica,
353 1513 405 1558 de
439 1513 593 1572 quibus
617 1526 680 1556 sat
702 1513 793 1556 fuse
819 1513 1009 1556 diximus
1034 1514 1077 1555 in
1102 1513 1290 1557 sectione
1313 1514 1608 1572 praecedente.

167 1585 425 1630 Secundum
460 1586 651 1628 continet
690 1584 829 1627 officia
842 1593 948 1642 pure
966 1585 1161 1628 moralia.
1182 1586 1389 1638 Quorum
1408 1584 1485 1629 alia
1507 1599 1609 1630 sunt

164 1656 310 1701 officia
342 1657 611 1700 humanitatis
650 1655 719 1699 vel
766 1657 962 1699 ‘innoxiae
1011 1656 1214 1713 utilitatis,
1254 1657 1347 1700 «iis
1382 1655 1500 1699 utilia
1533 1657 1607 1715 qui

166 1729 398 1786 accipiunt,
422 1727 539 1772 danti
563 1742 652 1771 non
676 1727 861 1770 molesta
896 1728 979 1784 (3),
999 1744 1019 1767 »
1060 1740 1106 1770 ut
1127 1745 1165 1772 v.
1189 1744 1230 1787 g.
1254 1727 1442 1772 indicare
1472 1729 1603 1782 viam,

262 2000 323 2046 ‘(1)
350 2000 444 2036 Tob.
471 2000 534 2035 IV.
568 2001 618 2036 16.
659 2016 676 2032 «
698 2002 802 2044 Quis,
831 2002 945 2049 inquit
984 2014 1010 2037 s.
1053 2002 1291 2049 Augustinus,
1318 2003 1355 2037 in
1389 2004 1446 2039 Ps.
1475 2012 1543 2048 57.‚
1567 2013 1604 2039 te

163 2059 303 2103 docuit,
329 2060 428 2095 nolle
455 2060 519 2096 tibi
547 2060 682 2096 furtum
710 2061 817 2096 fieri?
844 2062 922 2108 quis
949 2071 984 2097 te
1016 2062 1152 2102 docuit,
1182 2062 1283 2097 nolle
1310 2063 1478 2097 iniuriam
1516 2064 1604 2109 pati,

163 2129 202 2154 et
227 2120 398 2167 quidquid
416 2121 512 2155 aliud
531 2121 588 2155 vel
608 2121 861 2156 universaliter
878 2121 935 2156 vel
955 2122 1220 2167 particulariter
1239 2122 1308 2157 dici
1327 2123 1470 2169 potest?
1486 2123 1602 2158 Multa

163 2179 263 2215 enirn
290 2189 386 2223 sunt,
412 2180 457 2215 de
484 2181 613 2227 quibus
641 2180 795 2228 singulis
821 2181 1033 2228 interrogati
1062 2181 1234 2216 homines
1263 2181 1356 2217 clara
1395 2193 1486 2218 voce
1523 2194 1602 2218 res-

165 2239 342 2284 pondent,
368 2239 467 2274 no'lle
495 2251 533 2275 se
559 2241 644 2285 pati.
677 2242 767 2286 Age,
794 2240 822 2275 si
850 2252 924 2275 non
951 2241 1005 2275 vis
1034 2241 1106 2286 pati
1135 2242 1214 2283 ista,
1243 2241 1409 2288 numquid
1446 2242 1534 2277 solus
1570 2254 1602 2278 es

162 2297 286 2332 homo?
309 2299 444 2333 Nonne
472 2299 506 2333 in
533 2300 708 2334 societate
737 2301 827 2335 vivis
856 2302 999 2347 generis
1027 2300 1210 2336 humani?
1238 2301 1311 2345 Qui
1338 2310 1459 2336 tecum
1485 2300 1602 2337 factus

163 2367 227 2398 est,
255 2357 374 2392 socius
400 2367 482 2392 tuus
509 2368 572 2393 est:
600 2367 634 2393 et
662 2370 792 2394 omnes
819 2359 906 2394 facti
935 2360 978 2395 ad
1006 2360 1206 2406 imaginem
1234 2359 1315 2403 Dei,
1345 2360 1413 2395 nisi
1449 2362 1601 2396 terrenis

163 2417 421 2463 cupiditatibus
449 2428 651 2462 conterant,
678 2419 774 2466 quod
806 2420 865 2454 ille
892 2419 1073 2456 formavit.
1101 2421 1214 2466 Quod
1240 2432 1328 2467 ergo
1353 2421 1418 2456 tibi
1443 2432 1519 2456 non
1545 2422 1600 2456 vis

158 2477 249 2521 fieri,
276 2478 353 2512 noli
380 2478 480 2514 alteri
507 2478 676 2514 facere.»

257 2535 312 2581 (2)
340 2536 466 2571 Matth.
494 2537 573 2571 VII.
606 2547 658 2572 12.

247 2595 310 2641 (3)
336 2595 410 2631 Cfr.
437 2596 614 2637 Tullium,
635 2597 684 2631 .de
711 2597 771 2633 off.
798 2597 823 2634 Ι.
856 2597 908 2634 16.
