1737 2802
121 244 307 275 neantur
340 232 523 274 revereri
557 232 665 274 sicut
698 230 988 274 inviolabilem
1023 246 1097 274 seu
1134 231 1254 274 cuius
1301 231 1434 273 laesio
1468 245 1558 274 non

122 303 362 346 constituat
397 303 615 352 iniuriam,
649 318 737 346 non
771 316 834 346 est
867 304 947 346 ius.

246 374 322 429 4⁰.)
357 374 556 431 Denique
589 374 829 417 secundum
853 373 1212 430 hanctheoriam,
1236 373 1433 431 quisquis
1467 387 1559 415 rem

120 461 448 503 quamcumque
484 460 694 502 occupare
727 445 867 502 vellet,
901 447 1013 488 iuste
1046 445 1230 488 omnino
1275 458 1435 502 ageret,
1468 445 1557 487 vim

127 519 254 560 etiam
291 517 512 575 physicam
547 517 808 574 adhibendo,
842 517 915 560 sed
953 518 1062 560 iuste
1097 519 1225 560 etiam
1261 517 1308 560 ab
1354 517 1435 560 alio
1485 533 1561 574 pei·

121 589 214 630 *vim
250 588 473 646 physicam
520 589 816 646 impediretur,
852 604 904 631 ne
952 605 1046 632 eam
1095 591 1341 645 attingeret:
1376 602 1558 647 uterque

131 660 245 702 enim
280 675 379 702 cum
416 660 537 717 plena
570 661 746 703 veritate
776 659 949 715 diceret,
972 660 1066 703 haec
1098 675 1160 703 res
1192 675 1272 703 non
1305 669 1358 702 est
1392 668 1462 702 tua
1496 659 1563 703 sed

130 745 238 782 mea,
272 730 318 772 ob
345 739 582 788 potestatem
617 731 713 773 mihi
745 746 768 772 a
803 739 956 773 natura
992 731 1075 788 ipsa
1109 746 1333 774 concessam
1367 730 1504 774 utendi
1526 739 1562 773 et

123 800 369 858 *disponendi
401 801 446 843 da
481 817 520 844 re
553 802 638 845 hac.
665 802 727 844 En
763 803 893 858 igitur
927 801 1153 844 conflictus
1188 817 1262 844 seu
1297 801 1409 845 lucta
1454 803 1563 845 iusta

121 888 179 914 -ex
215 884 392 930 utraque
428 885 561 930 parte,
583 888 671 915 non
706 871 946 915 formaliter
969 872 1296 925 tantummodo,
1333 872 1408 916 sed
1432 874 1562 916 etiam

130 943 420 987 materialiter:
455 943 494 986 id
529 957 690 999 autem,
723 956 769 986 ut
803 943 1076 986 ostendimus
1101 945 1298 1000 superius
1332 943 1420 1002 (Ι),
1443 943 1563 986 nullo

124 1012 266 1056 :modo
300 1013 445 1056 locum
482 1014 635 1057 habere
670 1027 826 1072 potest.

250 1086 367 1128 PARS
402 1100 594 1130 ALTERA.
621 1086 874 1142 Spectemus
898 1084 1070 1128 secundo
1093 1084 1308 1127 theoriam
1330 1084 1378 1128 de
1399 1085 1563 1143 aequali

124 1157 348 1200 >bonorum
384 1159 626 1215 partitione.
663 1159 772 1201 Sunt
814 1158 1038 1212 nimirum,
1072 1158 1145 1213 qui
1195 1156 1460 1200 contendant
1494 1172 1561 1200 res

130 1231 241 1273 inter
275 1231 464 1287 privatos
500 1228 630 1271 dividi
657 1229 833 1286 quidem
868 1244 1009 1286 posse,
1047 1245 1134 1272 non
1169 1241 1314 1271 tamen
1363 1229 1564 1285 inaequa-

123 1301 241 1357 Uter,
274 1302 301 1344 i.
325 1317 360 1345 e.
397 1317 485 1343 non
519 1303 592 1353 ita,
618 1314 663 1343 ut
688 1300 791 1343 alter
824 1302 880 1344 sit
904 1300 1036 1344 ditior
1070 1301 1217 1344 altero:
1244 1299 1327 1343 hoc
1349 1300 1567 1357 reiiciunt,

122 1386 352 1430 tamquam
386 1372 565 1415 naturali
597 1371 679 1429 legi
714 1373 984 1429 oppositum.
1008 1371 1075 1415 Ad
1109 1371 1216 1414 hanc
1249 1371 1464 1414 theoriam
1499 1386 1562 1414 re-

124 1443 360 1487 fellendam
395 1443 483 1486 duo
519 1443 586 1486 illa
619 1445 752 1501 aptari
792 1457 975 1500 possunt
1020 1456 1288 1500 argumenta,
1322 1442 1505 1485 alterum
1539 1458 1564 1486 a

127 1517 355 1574 posteriori,
387 1515 568 1558 alterum
603 1530 627 1557 a
656 1516 802 1572 priori,
828 1515 983 1572 quibus
1019 1516 1082 1557 usi
1108 1516 1189 1558 iam
1226 1529 1378 1557 sumus
1414 1527 1559 1557 contra

124 1587 479 1630 'Communistas
502 1587 555 1629 Et
584 1602 682 1629 cum
719 1602 765 1628 ea
789 1598 932 1640 aptare
965 1586 1019 1628 sit
1042 1585 1279 1629 admodum
1304 1585 1441 1642 facile,
1464 1585 1563 1628 hinc

124 1659 274 1715 >paucis
308 1657 418 1699 hanc
451 1658 581 1700 etiam
616 1657 830 1699 'theoriam
865 1656 1163 1700 refutabimus.

256 1728 333 1787 1⁰.)
367 1729 501 1771 Sicuti
535 1743 647 1771 nunc
679 1729 811 1785 viget,
845 1729 900 1770 ita
935 1743 1106 1784 semper
1141 1741 1180 1770 et
1222 1726 1380 1786 ubique
1426 1729 1565 1785 viguit

132 1801 304 1857 partitio
340 1799 571 1857 inaequalis
605 1799 823 1841 bonorum
873 1800 981 1842 inter
1030 1800 1234 1856 privatos,
1271 1800 1415 1842 Huius
1466 1799 1561 1842 facti

127 1870 385 1927 assignanda
418 1883 480 1913 est
515 1871 635 1923 ratio,
660 1886 793 1927 eaque
815 1870 1062 1928 adaequata.
1089 1869 1174 1914 Sed
1197 1869 1431 1927 adaequata
1455 1871 1563 1913 ratio

132 1942 226 1984 facti
262 1941 530 1994 huiusmodi,
565 1942 589 1985 i.
626 1958 660 1985 e.
695 1941 789 1984 facti
826 1941 1074 1984 universalis
1117 1953 1157 1984 et
1205 1943 1443 1998 constantis,
1476 1957 1564 1984 non

133 2027 274 2072 potest
307 2030 400 2057 esse
424 2015 506 2056 nisi
539 2013 698 2071 aliquid
724 2012 962 2056 universale
997 2026 1037 2056 et
1061 2026 1265 2057 constans
1290 2015 1331 2056 in
1359 2013 1565 2056 omnibus

124 2086 396 2130 hominibus.
431 2085 552 2130 Nihil
576 2098 718 2129 autem
755 2098 817 2129 est
841 2085 1078 2128 universale
1102 2098 1143 2128 et
1168 2098 1367 2128 constans
1403 2086 1444 2128 in
1470 2101 1565 2128 orn-

132 2157 257 2201 nibus
292 2157 560 2214 hominibus,
593 2157 677 2201 nisi
711 2158 801 2214 ipsa
840 2156 1057 2200 rationalis
1105 2166 1273 2200 natura.
1324 2158 1400 2200 Est
1435 2157 1569 2214 igitur

125 2242 298 2286 natura,
320 2245 427 2287 quae
462 2229 545 2272 hoc
579 2230 762 2271 instituit
785 2241 824 2271 et
859 2229 1005 2284 exigit,
1029 2240 1075 2271 ut
1097 2227 1209 2271 bona
1237 2229 1320 2271 sint
1344 2229 1456 2271 inter
1479 2229 1565 2285 pri-

125 2313 255 2344 -vatos
289 2299 426 2344 divisa
460 2299 749 2358 inaequaliter.
782 2325 839 2333 —
874 2301 977 2353 Cur,
1011 2315 1204 2357 quaeres,
1239 2299 1281 2344 id
1314 2301 1478 2357 exigit?

254 2371 338 2430 2⁰.)
370 2371 417 2415 Id
451 2371 610 2415 scilicet
633 2385 781 2415 natura
806 2372 954 2429 exigit,
979 2373 1078 2430 quia
1102 2384 1165 2416 est
1188 2373 1479 2416 necessarium
1514 2370 1570 2413 ad.

224 2590 287 2635 (ι)
314 2589 406 2624 Vide
433 2601 541 2635 super
576 2589 672 2625 thes.
702 2590 764 2624 VI.
792 2601 871 2636 pag.
901 2589 957 2634 78.
988 2600 1085 2636 seqq.
