1737 2802
766 106 1030 150 „270-

303 191 376 234 III.
411 189 584 233 Accedit
607 204 842 233 consensus
866 188 1220 246 leguinlatorum‚
1244 188 1316 245 qui
1352 187 1612 231 unanimiter

185 261 386 305 damnant
419 274 460 304 et
484 261 666 318 puniunt
701 259 909 316 duellum,
933 267 1062 318 utpote
1089 261 1289 304 actionem
1311 259 1504 303 naturali
1535 259 1611 317 Iege

180 331 439 392 prohibitam.
474 333 644 375 Etenim
678 330 791 389 apud
826 346 978 374 omnes
1007 331 1139 374 cultas
1173 344 1321 389 gentes
1346 342 1517 374 exstant
1551 330 1610 374 ci-

185 405 288 449 viles
323 405 439 463 leges
475 418 622 448 contra
658 403 893 448 duellantes
926 403 1046 446 latae.
1082 403 1168 447 Sed
1211 403 1490 461 potissimum
1534 402 1612 447 hac

185 475 236 519 de
270 493 312 520 re
350 488 515 520 exstant
563 477 676 533 leges
727 475 1044 519 ecclesiasticae.
1096 474 1342 519 Concilium
1392 474 1612 518 Tridenti-

183 564 287 590 num
322 548 393 606 (1)
431 560 554 591 vocat
603 547 835 590 duellorum
883 562 1002 590 usum
1050 546 1333 603 detestabilem,
1375 546 1612 604 fabricante

182 618 341 661 diabolo
377 618 673 670 introductum,
698 633 746 661 ex
774 616 1014 661 Christiano
1039 617 1128 660 orbe
1148 619 1313 676 penitus
1338 619 1612 661 exterminan-

184 690 295 733 dum.
332 689 500 732 Ceteris
526 688 801 732 documentis
826 689 1016 746 omissis,
1034 688 1268 732 referemus
1293 689 1484 747 quinque
1505 703 1611 746 pro-

184 761 422 818 positiones
475 762 584 803 circa
638 759 829 804 duellum
885 759 1105 803 damnatas
1157 776 1179 802 a
1223 759 1456 804 Benedicto
1490 760 1611 804 XIV.

184 847 235 874 an
276 845 324 887 17
330 844 381 887 52
415 831 501 890 (2).

310 903 389 962 1³.)
427 904 501 946 Vir
537 904 744 960 militaris,
777 905 848 962 qai
881 904 960 947 nisi
983 902 1126 962 offerat
1158 912 1192 947 et
1214 912 1385 962 acceptet
1416 902 1613 957 duellum,

188 984 385 1034 tanquam
410 974 723 1032 formidolosas,
758 974 942 1028 timidus,
977 974 1151 1019 abiectus
1182 983 1218 1018 et
1249 974 1306 1018 ad
1337 974 1466 1032 officia
1497 974 1612 1018 mili-

185 1047 291 1089 taria
327 1047 484 1104 ineptus
518 1046 742 1100 haberetur,
782 1047 950 1105 ‘indeque
983 1046 1121 1104 officio,
1154 1061 1231 1104 quo
1263 1061 1300 1089 se
1341 1060 1508 1104 suosque
1538 1060 1614 1088 su-

182 1126 345 1169 stentat,
392 1118 651 1175 privaretur,
685 1119 749 1161 vel
792 1119 1059 1177 promotionis
1108 1119 1212 1162 alias
1257 1117 1334 1161 sibi
1368 1117 1522 1161 debitae
1567 1131 1614 1161 ac

180 1190 428 1247 promeritae
462 1198 527 1247 spe
556 1198 749 1249 perpetuo
782 1206 916 1234 carere
950 1190 1119 1243 deberet,
1153 1190 1271 1248 eulpa
1303 1199 1340 1233 et
1367 1198 1500 1249 poena
1531 1204 1614 1233 va-

185 1268 310 1312 caret,
344 1260 428 1302 sive
463 1259 624 1318 offerat,
659 1261 743 1304 sive
774 1257 948 1319 'acceptet
981 1260 1178 1304 duellum.

305 1332 364 1375 Ut
396 1332 481 1374 iam
514 1347 641 1390 saepe
675 1333 877 1385 diximus,
913 1348 993 1376 non
1033 1342 1128 1376 sant
1166 1332 1363 1390 facienda
1407 1333 1519 1376 mala
1567 1340 1613 1375 ut

186 1404 353 1445 veniant
386 1402 489 1446 bona
515 1403 579 1446 vel
604 1412 645 1446 ut
669 1405 849 1447 vitentur
884 1404 1006 1447 mala.
1031 1406 1087 1447 At
1122 1403 1275 1447 offerre
1307 1403 1373 1447 vel
1396 1415 1612 1461 acceptare

186 1472 378 1516 duellum
414 1485 478 1516 est
512 1475 623 1517 actio
657 1490 732 1532 per
776 1491 820 1518 se
855 1476 978 1533 mala,
1011 1487 1058 1518 ut
1106 1474 1336 1533 probatum
1369 1486 1445 1518 est.
1495 1474 1612 1532 Ergo

185 1543 377 1588 duellum
402 1545 523 1589 offeri
546 1546 612 1589 vel
636 1548 843 1605 acceptari
871 1548 1035 1605 nequit,
1059 1562 1358 1605 quaecumque
1382 1547 1467 1589 sint
1489 1544 1612 1599 mala,

179 1630 290 1674 quae
315 1633 365 1659 ex
396 1632 485 1660 non
509 1616 723 1660 oblatione
746 1618 812 1661 vel
836 1634 887 1661 ex
911 1619 1181 1661 recusatione
1204 1617 1333 1661 duelli
1357 1629 1608 1676 sequantur.

183 1688 424 1730 Praesentis
458 1689 565 1731 vitae
598 1687 722 1742 bona,
757 1688 822 1731 vel
847 1690 1007 1743 onmia,
1041 1690 1074 1731 si
1109 1704 1219 1746 opus
1253 1689 1321 1747 sit,
1345 1704 1423 1746 pro
1450 1689 1607 1732 virtute

184 1771 225 1802 et
258 1759 482 1802 honestate
515 1758 775 1817 profundere
800 1760 1023 1818 debemus,
1047 1776 1180 1818 eaque
1203 1775 1304 1804 cum
1338 1758 1504 1803 divinae
1527 1760 1611 1818 legi

183 1830 478 1884 immolamus,
511 1830 673 1874 nullam
707 1833 912 1875 iacturam
946 1831 1142 1889 facimus,
1174 1831 1251 1875 sed
1297 1831 1491 1890 amplum
1537 1833 1610 1876 lu-

186 1917 320 1945 crum.
353 1928 412 1935 —-
443 1902 553 1946 Illud
586 1904 713 1947 etiam
748 1904 1045 1949 consideretur
1093 1917 1200 1963 quot
1233 1917 1479 1963 quantaque
1526 1905 1613 1948 sint

184 1972 307 2026 mala,
341 1988 449 2031 quae
482 1989 532 2017 ex
565 1987 706 2018 morte
740 1975 974 2019 dimanant:
1010 1977 1085 2034 qui
1115 1991 1220 2020 vero
1260 1974 1452 2020 duellum
1487 1975 1612 2020 offert

183 2042 251 2086 vel
283 2055 489 2101 acceptat,
524 2044 559 2086 is
595 2047 748 2088 mortis
783 2045 975 2103 periculo
1009 2062 1053 2090 se
1087 2045 1248 2091 obiicit.
1272 2070 1331 2079 —
1357 2045 1502 2090 Sicubi
1537 2062 1612 2105 per

281 2265 334 2309 (1)
354 2265 447 2300 Sess.
475 2275 531 2308 25.
558 2278 634 2312 cap.
667 2277 717 2313 19.

279 2323 333 2368 (2)
359 2323 399 2357 In
428 2324 531 2359 Bulla
556 2324 809 2360 Detestabilem.
838 2327 913 2361 Hac
940 2328 975 2361 in
1003 2326 1102 2362 bulla
1129 2326 1310 2373 principes
1337 2325 1487 2373 quilibet
1506 2327 1611 2361 enixe

185 2392 360 2429 rogantur
387 2391 422 2417 ut
451 2383 655 2419 duellorum
676 2385 842 2420 licentiae
869 2386 970 2421 omni
998 2387 1078 2421 nisu
1096 2396 1130 2421 et
1156 2387 1359 2422 constantia
1378 2385 1614 2421 vehementer

185 2443 373 2479 obsistant.
412 2441 609 2477 Monentur
634 2444 777 2490 insuper
815 2445 911 2491 quod
956 2446 1017 2479 «si
1044 2445 1295 2492 delinquentes
1322 2453 1381 2480 aut
1414 2445 1613 2480 oscitanter

185 2501 311 2543 ferant,
338 2509 396 2535 aut
424 2499 585 2535 molliter
611 2504 774 2548 puniant,
801 2503 923 2538 alieno
951 2513 989 2538 se
1017 2503 1167 2538 crimine
1209 2502 1389 2549 polluent,
1417 2502 1612 2550 omnisque

186 2560 280 2595 illius
307 2560 495 2607 sanguinis
522 2570 601 2594 reos
627 2572 665 2596 se
693 2562 968 2597 constituent.»
