1737 2802
737 133 1004 188 ..235-

157 231 286 273 vitam
322 243 409 271 non
445 240 680 282 conservat3
705 243 835 286 quare
869 227 952 280 ille,
979 228 1052 286 qui
1077 227 1287 271 obstinate
1321 225 1425 270 nihil
1456 224 1584 270 vellet

157 300 403 357 comedere,
437 300 602 344 dicetur
635 316 678 343 se
712 300 822 343 fame
859 301 1180 344 interemisse.»

278 373 393 424 Dixi,
429 371 569 415 media
602 373 848 425 communia,
882 371 1094 415 ordinaria
1138 384 1178 414 et
1215 371 1381 429 facilia.
1428 371 1584 429 Neque

155 446 272 489 enim
307 443 512 501 obligatio
549 460 593 488 se
618 442 807 487 extendit
841 442 891 486 ad
926 442 1067 486 media
1099 443 1313 501 exquisita,
1354 441 1583 487 extraordi-

159 518 281 560 naria
316 528 356 559 et
390 515 612 558 admodum
635 514 830 572 difficilia.
863 515 1000 559 Cuius
1025 514 1085 558 rei
1121 514 1229 557 ratio
1254 513 1356 558 haec
1379 526 1459 568 est,
1485 514 1584 573 quia

157 588 232 646 qui
265 602 353 630 non
388 585 558 630 adhibet
591 586 731 630 media
764 585 978 630 ordinaria
1026 599 1066 630 et
1099 585 1247 644 facilia,
1281 602 1388 645 quae
1435 598 1584 630 natura

158 659 356 719 providet
389 671 430 703 et
464 660 505 701 in
542 658 688 702 medio
723 659 846 717 ponit
881 658 931 702 ad
963 659 1076 702 vitae
1126 659 1514 712 conservationem,
1548 658 1585 701 is

157 744 221 775 est
252 732 362 775 vitae
397 730 660 789 gubernator
693 731 902 789 negligens,
936 731 1027 774 imo
1061 747 1105 774 se
1140 732 1249 788 gerit
1281 747 1328 775 ac
1360 732 1392 774 si
1433 730 1585 789 plenus

155 816 268 848 esset
302 804 412 847 vitae
446 803 667 859 dominus,
693 819 786 846 eam
821 804 864 845 in
888 819 968 846 suo
1003 803 1231 861 possidens
1266 802 1453 847 arbitrio.
1487 803 1586 847 Iure

156 876 287 933 igitur
324 876 566 932 meritoque
600 874 940 932 reprehendetur
972 890 1018 918 ac
1061 875 1263 933 punietur
1294 891 1316 918 a
1357 868 1478 927 Deo,
1513 875 1586 933 qui

156 950 362 993 dominus
396 960 458 991 est
492 949 620 1001 vitae,
645 963 724 990 nec
747 947 874 990 huius
907 947 1133 991 arbitrium
1160 947 1325 991 homini
1359 947 1586 1005 concessit,

158 1021 232 1065 sed
266 1037 358 1064 eam
393 1020 561 1063 homini
608 1019 750 1063 debito
800 1019 934 1063 modo
984 1019 1324 1063 conservandam
1372 1018 1586 1063 adminis-

158 1091 440 1149 trandamque
476 1091 706 1134 commisit.
732 1091 822 1144 Qui
857 1107 958 1134 vero
991 1091 1134 1134 solum
1159 1092 1321 1135 omittit
1353 1090 1494 1135 media
1516 1105 1587 1134 ex—

157 1163 439 1208 traordinaria
472 1175 512 1206 et
546 1161 781 1205 admodum
818 1161 1016 1218 difficilia,
1049 1164 1082 1206 is
1118 1162 1337 1206 moraliter
1368 1178 1457 1206 non
1491 1178 1582 1218 cen-

158 1248 275 1279 setur
299 1252 341 1279 se
365 1251 409 1278 se
443 1250 591 1291 gerere
624 1246 844 1292 tamquam
867 1236 977 1278 vitae
1012 1234 1241 1278 dominum
1265 1235 1331 1294 vel
1359 1234 1584 1290 arbitrum,

157 1323 299 1366 neque
333 1308 459 1350 etiam
495 1305 714 1349 moraliter
750 1318 947 1350 censetur
978 1306 1203 1364 negligens
1236 1307 1347 1351 vitae
1374 1307 1586 1365 guberna-

160 1392 240 1424 tor.
277 1379 447 1422 Etenim
481 1379 540 1422 rei
575 1378 753 1422 alicuius
789 1377 1050 1436 gubernator
1082 1380 1290 1422 maiorem
1315 1380 1585 1426 minoremve

157 1450 209 1494 de
242 1450 309 1494 illa
334 1467 376 1494 re
401 1466 547 1493 curam
573 1450 723 1494 habere
748 1450 887 1507 debet,
906 1462 1036 1508 prout
1061 1451 1197 1494 maior
1219 1443 1416 1495 minorve
1438 1465 1502 1496 est
1526 1454 1587 1497 rei

160 1523 240 1566 sibi
275 1524 536 1566 commissae
571 1522 767 1580 dignitas:
803 1523 904 1567 haec
937 1535 1082 1567 autem
1115 1523 1366 1581 temporalis
1399 1525 1485 1568 vita
1507 1527 1586 1570 etsi

157 1611 364 1652 magnum
399 1596 452 1637 sit
484 1594 665 1650 bonum,
698 1611 787 1638 non
818 1607 962 1638 tamen
1007 1608 1069 1638 est
1112 1594 1276 1639 bonum
1325 1597 1583 1652 maximum,

155 1669 346 1726 tantique
380 1668 518 1725 pretii,
552 1679 597 1709 ut
632 1666 779 1711 debeat
823 1668 1032 1726 exquisita
1081 1680 1205 1726 atque
1253 1668 1586 1713 extraordinaria

157 1739 376 1797 diligentia
410 1740 632 1797 procurari
665 1740 755 1782 eius
802 1740 1087 1794 conservatio,
1121 1739 1408 1784 renuntiando
1456 1742 1584 1785 etIam

158 1829 193 1856 e.
228 1829 268 1870 g.
303 1813 510 1856 exercitio
544 1813 731 1869 virtutis,
755 1812 1030 1870 acquisitioni
1063 1812 1263 1856 scientiae
1295 1812 1473 1871 aliisque
1507 1812 1585 1857 hu-

157 1884 347 1928 iusmodi
381 1883 756 1942 praestantioribus
790 1883 930 1941 bonis,
963 1883 1032 1928 ad⁰
1048 1900 1156 1942 quae
1190 1885 1447 1943 acquirenda
1481 1886 1585 1930 haec

157 1956 280 1999 nobis
323 1957 410 1999 vita
442 1973 463 1999 a
506 1956 601 1999 Deo
651 1955 885 2000 confertur.
933 1957 1037 2000 Non
1072 1971 1119 1999 ea
1152 1973 1251 2001 sane
1301 1970 1442 2016 potest
1490 1974 1584 2002 esse

158 2045 280 2072 mens
315 2045 360 2072 ac
388 2029 568 2072 intentio
592 2028 848 2086 legislatoris
871 2030 1167 2087 sapientissimi
1189 2029 1270 2073 Dei
1294 2031 1336 2072 in
1361 2029 1438 2074 hac
1459 2029 1583 2074 nobis

157 2100 421 2159 imponenda
455 2100 718 2158 obligatione
753 2101 1031 2145 conservandi
1079 2102 1226 2146 vitam:
1274 2101 1389 2146 nulla
1437 2115 1578 2147 autem

157 2173 365 2230 obligatio
401 2189 445 2217 se
470 2173 660 2217 extendit
688 2173 796 2217 ultra
820 2187 1009 2217 mentem
1043 2173 1313 2231 legislatoriS.
1339 2199 1396 2208 —
1418 2175 1584 2219 Audia-

156 2257 226 2288 tur
260 2261 407 2288 rursus
443 2244 493 2288 de
540 2246 668 2302 Lugo
702 2245 780 2304 (1):
834 2247 1175 2303 «Distinguatur
1224 2245 1307 2289 hoc
1354 2246 1472 2306 quod
1520 2259 1584 2291 est

156 2329 345 2360 mortem
381 2319 562 2375 positive
595 2317 757 2375 afferre,
790 2331 830 2362 et
863 2318 946 2362 hoc
978 2317 1096 2377 quod
1145 2329 1208 2361 est
1250 2335 1339 2362 non
1386 2318 1584 2364 adhibere

157 2389 297 2433 media
330 2393 467 2434 omnia
502 2390 553 2434 ad
586 2407 678 2435 eam
713 2392 938 2436 arcendam
972 2391 1038 2436 vel
1087 2391 1419 2451 impediendam.
1470 2391 1581 2438 Illud

252 2628 303 2673 (1)
331 2628 400 2675 Op.
430 2638 463 2664 et
491 2629 512 2665 1.
541 2631 598 2665 cit.
626 2642 726 2666 num.
760 2629 814 2673 36.
844 2649 888 2656 —
914 2629 1012 2677 Lege
1039 2631 1148 2666 etiam
1174 2642 1276 2666 num.
1303 2640 1358 2667 21.
1384 2640 1417 2666 et
1445 2640 1498 2678 29.
