1737 2802
729 102 997 157 ...283-

147 197 373 256 plicamus,
407 213 593 255 quanam
627 197 679 241 de
713 213 838 241 causa
874 197 1067 241 dominia
1103 197 1263 255 privata
1310 196 1417 240 adeo
1456 213 1590 255 gene-2

146 270 290 313 raliter
322 270 543 313 extiterint
578 282 619 312 et
653 271 849 314 existant.

268 342 366 385 Hoc
390 355 710 398 argumentum,
735 342 936 400 quamvis
971 357 993 384 a
1026 342 1258 400 posteriori
1281 357 1355 384 seu
1382 357 1433 384 ex
1454 340 1581 395 facto,

150 425 214 458 est
245 426 389 456 tamen
425 413 740 457 validissimum
777 414 826 456 ad
863 426 1052 472 systema
1090 414 1481 456 communistarum
1517 428 1581 456 re-

151 484 402 528 fellendum.
452 485 841 537 Quemadmodum
895 486 961 539 iis,
1012 486 1084 543 qui
1140 484 1206 528 vel
1256 501 1353 528 cum
1404 483 1580 528 Hobbes

153 557 271 599 aiunt
321 556 544 599 hominem
595 572 688 599 esse
722 569 872 599 natura
920 572 997 599 sua
1043 557 1338 609 antisocialem,
1370 556 1438 599 vel
1481 571 1581 599 cum

151 628 378 671 Rousseau
414 627 626 670 affirmant
675 644 773 670 eum
808 643 901 670 esse
949 640 1096 670 natura
1140 643 1215 670 sua
1262 628 1590 685 extrasociczlem,

151 698 379 742 obiicimus
415 699 573 742 factum
599 699 839 743 universale
862 713 902 743 et
927 712 1126 742 constans
1163 699 1393 742 hominum
1424 698 1582 757 ubique

152 784 192 814 et
225 786 397 827 semper
430 772 471 813 in
507 772 709 814 societate
743 771 872 814 simul
908 771 1244 823 conviventium,
1279 786 1441 828 eosque
1479 771 1588 814 satis-

150 857 367 900 superque
402 842 608 885 refutasse
643 858 885 900 censemus,
921 844 975 885 ita
1012 844 1329 896 communistis,
1364 844 1437 900 qui
1473 859 1580 886 con-

148 913 330 957 tendunt
363 913 502 956 solum
541 913 783 956 dominium
820 913 1093 956 collectivum
1128 929 1220 956 esse
1245 930 1343 956 vere
1367 913 1576 967 naturale,

149 986 431 1043 opponimus,
467 998 506 1028 et
541 985 622 1028 hoc
656 986 737 1027 iam
776 985 826 1028 ad
861 1001 934 1028 eos
970 984 1225 1028 refellendos
1260 984 1486 1038 sufficeret,
1520 985 1579 1028 fa-

150 1070 268 1100 ctum
295 1056 530 1099 universale
553 1072 729 1113 prorsus
749 1073 794 1099 ac
813 1070 1010 1099 constans
1036 1056 1220 1099 dominii
1241 1058 1392 1114 privati
1418 1057 1579 1116 ubique

151 1140 192 1171 et
225 1142 395 1184 semper
429 1128 626 1183 vigentis.
661 1127 830 1171 Scilicet
862 1129 904 1170 in
938 1142 1090 1170 eorum
1126 1128 1352 1180 sententia,
1388 1127 1427 1171 id
1462 1127 1581 1185 quod

151 1198 340 1242 naturale
374 1211 499 1254 esset,
528 1214 765 1257 numquam
790 1199 856 1241 vel
891 1199 963 1241 vix
988 1215 1197 1256 umquam
1231 1201 1452 1243 extitisset:
1477 1198 1582 1242 illud

150 1286 321 1327 semper
357 1270 423 1314 vel
466 1269 553 1313 fere
587 1286 758 1328 semper
806 1271 1079 1326 obtinuisset,
1114 1271 1230 1328 quod
1280 1285 1423 1315 tamen
1470 1271 1583 1316 foret

150 1354 295 1384 contra
329 1354 542 1386 matutam.
566 1343 680 1395 Quis
715 1342 803 1385 hoc
832 1342 964 1386 ferat?
1000 1343 1129 1386 Hisce
1163 1344 1204 1385 in
1229 1343 1353 1386 rebus
1378 1344 1580 1390 homines

147 1414 218 1457 tali
251 1429 297 1456 ac
330 1426 443 1456 tanta
467 1413 782 1457 universalitate
817 1428 856 1457 et
883 1415 1117 1457 constantia
1151 1430 1238 1457 non
1263 1417 1468 1460 resistunt
1501 1435 1581 1462 na-

147 1498 280 1528 turae:
316 1486 350 1527 si
384 1486 456 1542 qui
490 1486 708 1541 resistunt,
743 1486 768 1527 ii
804 1498 903 1527 sunt
938 1484 1110 1528 relative
1145 1487 1279 1543 pauci.

268 1557 343 1599 Est
377 1568 538 1606 tamen,
575 1554 783 1598 obiiciunt
819 1557 1152 1612 communistae,
1185 1556 1299 1600 aliud
1332 1557 1491 1601 factum
1528 1559 1581 1602 il-

148 1627 309 1685 ludque
344 1626 637 1684 manifestum,
662 1627 779 1685 quod
815 1643 890 1669 vos
915 1627 1123 1685 explicare
1156 1630 1360 1686 nequitis,
1382 1630 1581 1674 videlicet

148 1700 308 1757 privata
342 1699 443 1742 haec
482 1698 676 1741 dominia
703 1712 796 1741 tum
833 1700 874 1740 in
910 1699 1143 1742 hominum
1177 1701 1496 1744 existimatione
1532 1717 1580 1745 ac

149 1769 308 1813 iudicio
342 1783 436 1813 tum
471 1771 511 1811 in
547 1771 662 1827 praxi
688 1771 777 1827 ipsa
812 1783 852 1812 et
887 1771 1091 1813 exercitio
1117 1771 1336 1823 imminui,
1363 1785 1579 1816 crescente

150 1841 299 1900 populi
325 1841 489 1884 cultura
524 1857 787 1899 morumque
806 1841 1068 1884 evolutione.
1087 1867 1144 1874 —
1164 1842 1515 1900 Respondemus,
1534 1860 1582 1887 ea

148 1913 267 1956 nullo
292 1928 469 1971 prorsus
496 1925 618 1970 pacto
643 1913 862 1968 imminui,
886 1911 960 1955 sed
985 1913 1094 1955 sicut
1119 1927 1193 1969 pai·
1216 1926 1279 1956 est
1304 1913 1581 1966 determinari

148 1984 212 2028 vel
245 1983 430 2037 definiri,
472 1985 682 2026 nimirum
707 1985 814 2026 intra
840 1983 1005 2026 debitos
1030 1982 1187 2027 limites
1221 1984 1388 2029 adduci.
1415 1987 1579 2029 Domi-

149 2057 270 2099 nium
304 2057 436 2114 enim,
456 2071 588 2113 aeque
622 2071 668 2098 ac
692 2054 913 2113 quodlibet
937 2054 1049 2098 aliud
1077 2056 1157 2111 ius,
1180 2072 1320 2114 neque
1344 2070 1407 2100 est
1442 2072 1581 2115 neque

147 2142 240 2170 esse
273 2140 416 2184 potest
451 2127 874 2184 incircumscriptum
910 2128 984 2183 (1).
1015 2126 1168 2169 Morali
1207 2129 1349 2185 itaque
1383 2143 1513 2172 sensu
1537 2130 1581 2172 in

148 2198 260 2240 civili
286 2198 491 2240 societate
523 2210 649 2240 aucto
682 2209 723 2240 et
757 2196 965 2254 expolito,
1000 2196 1246 2241 dominium
1283 2198 1438 2241 desinit
1472 2215 1507 2243 e.
1541 2215 1580 2242 σ.

1539 2235 1565 2257 O

147 2269 305 2311 versari
330 2269 438 2310 circa
460 2267 521 2320 id,
544 2267 662 2325 quod
687 2266 904 2310 obiectum
940 2267 1034 2310 talis
1069 2268 1253 2312 dominii
1286 2285 1378 2312 esse
1412 2271 1580 2327 nequit,

246 2509 300 2554 (1)
326 2506 420 2542 Vide
448 2518 502 2550 ea,
531 2518 622 2553 quae
649 2507 694 2541 de
721 2507 925 2542 limitatione
965 2508 1050 2543 iuris
1087 2508 1244 2544 diximus
1270 2521 1388 2556 super.
1414 2511 1506 2547 thes.
1532 2511 1577 2547 V.

150 2578 233 2614 pag.
260 2577 316 2612 72.
341 2578 438 2614 seqq.
