1737 2802
72 238 195 282 bruta
227 245 260 280 et
291 235 543 294 reprobanda
576 236 626 278 sit
647 244 682 277 et
700 233 969 292 prohibsnda.
993 258 1050 266 —
1071 231 1139 275 Ad
1164 232 1354 289 primum
1376 228 1496 288 quod

73 322 248 369 spectat,
282 309 341 351 sic
373 319 469 365 apte
502 307 682 350 omnino
717 304 949 363 respondet
971 302 1220 347 Liberatore
1244 301 1329 360 (1):
1361 319 1382 343 «
1404 301 1499 345 No-

74 396 174 426 men
196 381 283 439 filii
314 381 356 422 in
385 381 561 437 propria
605 376 916 435 significatione
963 390 1052 419 non
1101 373 1274 417 cuilibet
1321 371 1496 416 effectui

73 452 294 510 competit,
327 450 400 494 sed
436 449 654 492 dumtaxat
687 448 845 492 viventi
879 447 997 505 quod
1021 461 1073 489 ex
1095 446 1265 489 vivente
1294 443 1496 502 procedat

73 525 116 567 in
151 522 346 567 eiusdem
380 534 554 564 naturae
588 519 930 563 similitudinem.
979 519 1126 571 Quare
1176 517 1346 578 strictim
1396 513 1501 557 nulli

77 607 290 638 creaturae
326 594 525 636 convenit
560 604 752 649 respectu
787 592 895 648 Dei3
929 589 1147 648 siquidem
1182 604 1247 632 res
1282 598 1446 630 creatae
1480 600 1502 627 a

78 667 174 710 Deo
208 681 297 709 non
330 676 602 722 generantur,
634 663 708 706 sed
742 662 1056 721 producuntur,
1080 662 1246 719 ipsique
1273 658 1496 715 analogice

76 749 246 780 tantum
279 735 580 779 assimilantur.
618 733 882 777 Hominibus
916 745 1060 775 tamen
1093 748 1140 775 ea
1182 729 1498 782 denominatio,

75 808 220 851 latiore
255 821 397 860 sensu,
451 805 579 848 tribui
627 805 735 848 solet
784 817 959 862 propter
1009 802 1223 860 duplicem
1273 801 1500 844 rationem.

77 877 281 930 Primum,
302 878 344 919 in
378 876 527 920 ordine
561 875 885 933 supernaturali,
910 874 963 918 ob
990 873 1176 917 divinam
1201 872 1497 929 adoptionem,

37 974 46 978 >
75 964 183 1007 quae
216 947 262 991 fit
295 964 377 1006 ope
411 949 582 1005 gratiae.
621 947 813 1004 Secttndo,
847 948 956 990 intra
990 947 1108 1004 ipsos
1131 957 1305 989 naturae
1344 943 1502 986 limites

74 1018 128 1063 ob
161 1031 280 1062 actus
313 1019 517 1072 morales,
555 1018 713 1076 quibus
737 1018 787 1061 ad
813 1019 956 1061 Deum
981 1018 1039 1060 sic
1064 1016 1309 1068 referimus,
1334 1026 1381 1057 ut
1403 1027 1504 1070 erga

73 1091 218 1149 ipsum
253 1105 424 1148 capaces
459 1091 594 1133 simus
629 1090 839 1147 obsequii,
891 1089 1165 1144 reverentiae,
1215 1086 1498 1136 obedientiae,

76 1175 184 1218 quae
218 1162 390 1218 proprie
424 1176 446 1203 a
478 1159 576 1202 filiis
610 1173 891 1218 praestantur.
916 1159 999 1203 Sed
1027 1159 1128 1201 haec
1153 1158 1312 1213 omnia,
1337 1169 1382 1200 ut
1404 1172 1498 1214 per-

77 1238 276 1296 spicuum
311 1250 388 1294 est,
414 1237 466 1280 de
495 1237 619 1280 rebus
654 1236 933 1294 intelligentia
966 1236 1180 1279 destitutis
1215 1235 1298 1278 dici
1330 1249 1496 1292 nequa-

77 1325 206 1367 quam
231 1322 427 1366 possunt.
453 1310 522 1352 Eis
551 1310 682 1365 igitur
704 1324 865 1352 nomen
888 1308 961 1351 filii
987 1308 1129 1366 quoad
1163 1309 1308 1351 Deum
1342 1322 1390 1349 ne
1424 1306 1504 1350 lata

75 1381 239 1439 quidem
278 1382 498 1438 competit.
528 1380 664 1434 Quod
698 1382 734 1424 si
767 1381 1026 1439 quandoque
1060 1392 1213 1423 natura
1244 1368 1501 1422 irrationalis

72 1454 223 1510 poetice
253 1453 504 1495 nominatur
528 1453 610 1496 Dei
644 1452 741 1507 filia3
766 1452 809 1496 id
843 1453 885 1496 in
919 1464 1087 1496 tantum
1121 1464 1198 1505 est,
1223 1453 1266 1494 in
1289 1463 1500 1509 quantum

83 1523 406 1580 imaginationis
429 1523 636 1566 beneficio
670 1523 953 1581 intelligentia
977 1537 1016 1567 et
1041 1523 1225 1580 dignitas
1260 1520 1498 1580 personalis

77 1593 220 1637 eidem
253 1595 514 1652 appingitur.
548 1597 604 1638 At
638 1596 868 1648 Damiron,
905 1597 947 1639 ni
973 1595 1113 1648 fallor,
1139 1610 1226 1638 non
1250 1610 1406 1653 poema
1431 1593 1506 1637 sed

77 1665 431 1723 philosophicum
465 1679 692 1710 tractatum
727 1666 1000 1711 elucubrabat
1033 1686 1072 1711 >›.
1108 1693 1164 1701 -—
1208 1667 1275 1710 Ad
1326 1666 1507 1710 alterum

77 1735 195 1794 quod
229 1737 397 1792 attinet,
433 1751 555 1780 vetus
589 1750 653 1780 est
688 1738 942 1781 huiusmodi
976 1738 1225 1781 difficultas:
1261 1754 1354 1781 eam
1390 1738 1507 1780 enim

78 1807 138 1848 sic
170 1807 383 1864 sapienter
431 1808 559 1850 solvit
592 1825 624 1851 s.
670 1809 868 1863 Thomas
914 1809 1010 1868 (2):
1051 1828 1071 1850 «
1103 1810 1146 1853 Si
1179 1825 1261 1866 qua
1294 1810 1336 1852 in
1385 1824 1502 1852 sacra

78 1877 298 1934 Scriptura
320 1879 594 1922 inveniantur
618 1879 887 1937 prohibentia
909 1880 1069 1939 aliquid
1092 1881 1351 1923 crudelitatis
1376 1896 1504 1923 com-

76 1947 189 1990 mitti
222 1948 265 1991 in
301 1949 499 1992 animalia
533 1949 669 2003 bruta,
704 1951 815 1994 sicut
849 1952 899 1995 de
935 1968 1009 1995 ave
1044 1968 1142 1995 cum
1177 1952 1301 2010 pullis
1326 1968 1414 1995 non
1434 1967 1501 1995 oc-

77 2016 253 2061 cidenda
303 2018 390 2078 (3),
428 2020 510 2063 hoc
545 2020 588 2063 tit
626 2047 683 2054 —
732 2023 797 2065 vel
846 2023 897 2065 ad
945 2023 1262 2067 removendum
1314 2023 1507 2066 hominis

75 2089 269 2132 animum
302 2107 324 2133 a
353 2091 602 2135 crudelitate
646 2094 687 2135 in
734 2093 932 2138 homines
977 2096 1230 2152 exercenda,
1265 2112 1317 2139 ne
1353 2095 1506 2154 aliquis

73 2161 312 2205 exercendo
332 2162 519 2206 crudelia
539 2165 648 2207 circa
668 2164 800 2222 bruta,
821 2181 873 2209 ex
893 2166 975 2210 hoc
1001 2167 1205 2225 procedat
1224 2167 1275 2211 ad
1300 2167 1501 2211 homines

75 2254 132 2263 —-
147 2231 212 2274 vel
230 2234 327 2289 quia
345 2234 387 2275 in
405 2235 642 2292 temporale
663 2235 869 2280 damnum
891 2237 1080 2281 bominis
1104 2240 1307 2296 provenit
1330 2240 1504 2282 anima-

171 2476 228 2521 (1)
256 2477 314 2511 Ius
339 2486 409 2512 nat.
436 2489 471 2524 p.
505 2489 532 2514 1.
558 2491 646 2514 num
678 2480 729 2516 18.

176 2535 233 2580 (2)
261 2536 363 2572 Sum.
394 2548 420 2571 c.
450 2546 547 2583 gent.
576 2538 598 2574 l.
626 2539 687 2574 III.
717 2551 744 2574 c.
777 2550 852 2576 112.
881 2543 915 2576 in
943 2542 1027 2580 sine.

175 2595 232 2640 (3)
260 2597 368 2631 Deut.
396 2597 510 2632 XXII.
537 2597 572 2633 6.
