1737 2802
33 214 133 259 dem
166 215 355 258 auctoris
393 212 526 256 verbis
560 213 636 269 (th
693 213 852 256 «Cum
888 211 1091 256 omnibus
1125 211 1355 256 virtutibus
1394 227 1467 256 me

29 284 229 329 affectum
263 300 357 328 esse
381 285 565 342 cupiam,
589 298 731 329 tamen
754 285 861 328 nihil
884 297 964 340 est,
991 284 1109 340 quod
1143 284 1307 337 malim,
1333 299 1463 342 quam

30 372 100 400 me
134 369 174 400 et
201 365 373 413 gratum
405 371 498 400 esse
532 369 572 400 et
608 357 756 400 videri.
793 360 907 401 Haec
941 369 1003 399 est
1036 357 1151 399 enim
1197 371 1279 399 una
1325 356 1464 399 virtus

25 444 115 471 non
146 427 290 471 solum
327 429 527 482 maxima,
562 428 636 471 sed
669 429 796 471 etiam
831 442 966 470 mater
999 429 1210 471 virtutum
1250 431 1454 472 omnium

26 497 306 556 reliquarum.
341 498 463 552 Quid
497 512 561 542 est
594 500 744 556 pietas,
780 500 860 542 nisi
895 499 1094 542 voluntas
1127 512 1244 556 grata
1290 500 1332 542 in
1382 516 1462 558 pa—

28 571 205 614 rentes?
239 570 330 622 Qui
362 583 462 612 sunt
494 569 595 612 boni
629 571 756 626 cives,
790 571 862 628 qui
895 570 1004 623 belli,
1038 571 1112 627 qui
1146 571 1265 614 domi
1301 574 1352 614 de
1387 587 1463 629 pa-

27 642 106 685 tria
128 641 235 684 bene
258 654 488 697 merentes,
511 642 592 684 nisi
626 643 698 699 qui
724 642 882 698 patriae
905 640 1108 684 beneficia
1131 643 1423 685 meminerunt
1443 643 1465 685 Ρ·

31 713 122 766 Qui
157 713 303 766 sancti,
336 713 408 770 qui
442 712 703 769 religionum
753 712 956 769 colentes,
1006 714 1087 755 nisi
1137 714 1208 771 qui
1258 715 1459 757 meritam

30 784 110 828 diis
144 783 461 827 immortalibus
510 785 689 841 gratiam
738 786 860 827 iustis
909 783 1149 827 honoribus
1183 797 1223 827 et
1272 785 1460 828 memori

30 867 177 898 mente
212 855 494 913 persolvunt?
538 857 665 909 Quae
714 868 855 913 potest
903 871 997 899 esse
1046 857 1286 899 iucunditas
1334 858 1503 911 vitae,.

29 926 206 970 sublatis
239 927 470 970 amicitiis?
506 928 631 980 Quae
666 944 796 985 porro
830 928 1016 971 amicitia
1050 941 1191 986 potest
1225 944 1317 972 esse
1350 930 1466 972 inter

28 997 252 1055 ingratos?
275 1014 294 1037 »

152 1070 250 1112 108.
286 1070 526 1113 SCHOLION
559 1071 612 1113 II.
636 1071 681 1113 In
707 1071 843 1127 capite
868 1070 950 1113 hoc
984 1071 1190 1129 secundo,
1216 1074 1282 1115 cui
1306 1073 1457 1116 titulus

29 1143 76 1187 de
109 1142 267 1186 iuribus
299 1151 336 1186 et
368 1143 502 1200 officiis
545 1143 889 1195 individualibus,
925 1157 1010 1187 tres
1060 1144 1273 1188 solvimus
1321 1162 1456 1204 quae,-

28 1215 207 1257 stiones.
243 1239 293 1245 —-
336 1214 414 1271 1⁰.)
447 1215 652 1256 Diximus
687 1214 736 1257 de
761 1213 912 1257 officiis
947 1228 1038 1257 tum
1061 1216 1335 1260 essentialibus
1359 1229 1457 1260 tum

26 1285 276 1343 hypotheticis
308 1300 407 1341 erga
441 1286 600 1328 Deum.
635 1310 690 1318 -
726 1285 802 1341 2⁴³.)
836 1286 1037 1328 Diximus
1072 1286 1123 1329 de
1166 1285 1319 1330 officiis
1362 1299 1456 1329 tum

26 1355 160 1414 quoad
192 1357 378 1399 animum
427 1369 522 1398 tum
556 1356 690 1414 quoad
737 1364 877 1413 corpus
910 1372 1009 1413 erga
1057 1359 1363 1415 nosmetipsos,
1398 1384 1456 1390 —

29 1427 104 1483 3⁰2)
139 1427 342 1488 Diximus
379 1427 429 1470 de
454 1426 606 1470 officiis
630 1440 722 1470 tum
749 1428 920 1470 institiae
942 1440 1035 1471 tum
1059 1428 1334 1487 beneficentiae.
1358 1445 1459 1486 erga-

26 1499 290 1557 proximum:
326 1511 499 1555 agentes
534 1511 677 1541 autem
728 1498 779 1542 de
829 1498 981 1542 officiis
1029 1501 1233 1554 iustitiae,
1268 1501 1456 1544 diximus

26 1569 156 1612 etiam
192 1568 242 1611 de
276 1568 454 1626 iuribus,
487 1585 594 1626 quae
628 1570 809 1627 quisque
843 1569 967 1612 habet
1000 1570 1051 1613 ad
1083 1571 1215 1614 vitam
1265 1584 1306 1614 et
1354 1587 1461 1615 cor-

25 1643 143 1700 poris
182 1641 541 1689 incolumitatem,
579 1641 758 1695 divitias,
792 1641 948 1684 famam
983 1654 1023 1684 et
1056 1642 1272 1686 honorem
1307 1643 1393 1702 (2).

145 1713 305 1766 Restat,
339 1725 385 1755 ut
418 1718 469 1756 ex
503 1713 749 1769 angustiore
783 1712 1111 1756 individuorum
1145 1729 1253 1771 gyro
1288 1715 1331 1757 in
1366 1729 1454 1758 am-

26 1783 210 1842 pliorem
246 1784 462 1826 societatis
497 1798 699 1840 campum
735 1782 1078 1840 progredientes,
1115 1783 1160 1826 de
1197 1783 1355 1828 <iuribus
1388 1784 1459 1842 of-

20 1855 196 1914 ficiisqzce
227 1854 443 1899 socialibus
478 1870 668 1911 agamus.
706 1855 803 1897 Hoc
836 1855 913 1897 erit
957 1867 1260 1911 argumentum
1305 1855 1458 1912 capitis·

24 1928 253 1984 sequentis:
291 1939 613 1984 argumentum,
647 1938 693 1968 ut
728 1924 1023 1983 Philosophus
1072 1926 1129 1969 ait
1177 1927 1267 1970 init.
1302 1926 1460 1980 Ethic.‚.

25 1998 377 2058 praecedentibus
402 1998 621 2056 pulchrius
644 2013 689 2040 ac
708 1997 909 2050 divinius,
927 1995 1114 2040 κάλλιον
1133 1993 1207 2041 καὶ
1233 1997 1460 2060 θειότερον..

115 2217 166 2263 (1)
195 2217 296 2252 Orat.
323 2228 388 2262 pro
419 2217 485 2252 Cn.
511 2217 660 2252 Plancio
689 2217 857 2251 XXXIII.
883 2216 937 2251 80.
964 2216 1056 2251 Vide
1083 2227 1172 2263 quae
1200 2215 1243 2250 de
1270 2215 1338 2250 hac
1376 2215 1450 2250 vir-

17 2285 92 2312 tute
119 2276 274 2311 diximus
301 2287 418 2322 super.
449 2287 531 2321 pag,
562 2286 636 2318 1¹4·
666 2296 707 2301 —
737 2275 808 2310 Cfr.
836 2276 944 2310 etiam
972 2276 1160 2317 Senecam,
1190 2275 1234 2309 de
1261 2272 1380 2310 benef.

114 2335 170 2381 (2)
197 2336 365 2377 Quatuor
392 2335 521 2381 itaque,
549 2344 585 2369 ut
614 2346 640 2370 s,
667 2334 893 2379 Augustinus
921 2336 978 2376 ait,
1007 2334 1049 2367 de
1076 2334 1192 2369 doctr.
1225 2334 1346 2369 christ.
1375 2333 1397 2368 l.
1425 2334 1451 2368 I.

17 2407 44 2430 c.
74 2405 140 2438 23.,
169 2404 252 2429 sunt
279 2394 472 2440 diligenda:
497 2415 534 2419 —
556 2385 794 2440 unuinquod
822 2405 925 2439 supra
954 2404 1021 2428 nos
1048 2404 1110 2437 est,
1138 2393 1274 2427 scilicet
1293 2395 1452 2428 Deus—-

13 2456 166 2490 alterum
192 2454 289 2501 quod
316 2466 384 2489 nos
411 2465 534 2488 sumus
571 2475 603 2478 —
633 2455 777 2488 tertium
797 2452 893 2500 quod
921 2454 1017 2487 iuxta
1036 2465 1102 2487 nos
1123 2462 1186 2495 est,
1207 2453 1344 2488 scilicet
1366 2465 1449 2499 pro-

14 2515 130 2548 ximus
155 2535 196 2540 —-
217 2523 382 2561 quartum
410 2513 505 2560 quod
534 2512 622 2547 infra
650 2523 718 2547 nos
745 2521 808 2555 est,
826 2511 962 2546 scilicet
983 2513 1171 2558 proprium
1198 2523 1342 2558 corpus.
1371 2511 1454 2547 Cfr,

18 2585 45 2608 s.
72 2572 269 2616 Thomam,
299 2583 329 2608 2.
357 2585 387 2609 2.
416 2585 448 2620 q.
478 2582 590 2615 25..a.
623 2583 674 2607 12.
