1737 2802
697 117 932 160 -71-

102 201 331 246 intrinseca
362 200 600 245 moralitate
632 201 703 260 (ut
735 213 798 245 est
831 217 866 244 e.
901 217 942 259 g.
977 202 1086 245 actio
1139 201 1334 260 gestandi
1367 204 1522 261 arma),

103 289 177 318 eae
207 271 275 316 vel
301 272 578 331 prohibentur,
613 273 675 316 vel
706 274 1029 331 praecipiuntur,
1062 272 1128 316 vel
1163 274 1406 328 suadentur,
1454 274 1523 318 vel

102 347 388 405 eprmittuntur
421 361 442 388 a
475 345 567 402 lege
601 346 800 403 positiva.
833 371 890 379 —
924 346 969 390 Si
1004 345 1301 404 prohibentur,
1335 362 1422 390 non
1456 349 1520 391 ins

101 418 212 461 inest
230 416 354 460 nobis
373 432 440 459 eas
461 416 664 473 ponendi,
684 416 758 459 sed
776 417 958 476 officinm
977 429 1100 474 urget
1119 432 1186 460 eas
1206 417 1447 461 omittendi.
1466 443 1524 451 —

103 490 148 534 Si
181 478 515 547 praecipiuntur,
549 501 590 532 et
624 489 684 532 ἱιις
718 502 757 531 et
790 489 971 547 officium
1004 488 1120 532 adest
1145 504 1212 532 eas
1239 489 1442 546 ponendi.
1465 515 1522 523 —

103 562 149 606 Si
181 559 555 617 commendantur,
588 562 652 604 ius
685 560 860 618 quidem
894 560 1027 616 adest,
1050 576 1139 603 non
1162 573 1305 604 tamen
1344 561 1523 619 officium

101 648 170 676 eas
204 630 406 690 ponendi.
441 656 497 664 —
532 632 576 676 Si
610 632 934 689 permittuntur,
969 633 1165 689 quamvis
1209 632 1387 690 officium
1434 648 1523 676 non

101 717 264 762 urgeat,
297 715 441 746 tamen
478 705 539 746 ius
571 715 705 746 exstat
738 719 806 746 eas
840 704 1043 761 ponendi.
1078 703 1126 747 Id
1161 717 1289 762 patet,
1337 705 1369 747 si
1423 721 1523 762 per-

101 776 252 819 missio
285 775 390 832 legis
424 775 477 817 sit
507 776 696 832 positiva.
732 774 815 818 Sed
848 774 962 818 idem
995 774 1105 818 valet
1150 776 1294 829 etiam,
1337 777 1371 818 si
1414 775 1524 832 legis

101 847 310 905 positivae
343 847 571 904 permissio
596 847 649 888 sit
672 859 838 889 tantum
872 848 1072 903 negativa:
1098 847 1210 904 quia,
1228 859 1274 889 ut
1298 848 1381 889 iam
1407 846 1522 890 dixi-

102 934 200 962 mus
219 919 305 978 (1),
340 919 422 962 hoc
446 920 540 977 ipso
575 919 692 977 quod
716 935 788 962 eae
811 920 999 962 actiones
1028 935 1049 962 a
1072 918 1186 961 nulla
1206 919 1387 977 positiva
1425 918 1519 976 lege

101 990 398 1050 prohibentur,
423 1007 520 1034 cum
556 992 784 1034 intrinsece
819 990 952 1034 malae
976 1006 1064 1034 non
1098 991 1197 1047 sint,
1219 991 1302 1033 iam
1338 991 1521 1048 positive

100 1063 409 1121 permittuntur
445 1079 466 1105 a
497 1062 590 1120 lege
614 1062 809 1106 naturali.

218 1136 366 1192 Itaque
400 1136 558 1178 iurium
593 1134 998 1191 cognoscendorum
1034 1134 1255 1177 criterium
1289 1158 1346 1166 —
1378 1149 1518 1191 neque

99 1219 162 1249 est
187 1208 398 1264 permissio
429 1206 555 1249 solius
577 1206 687 1263 facti
718 1206 790 1264 (2)
822 1231 878 1238 —
912 1221 1050 1263 neque
1073 1206 1162 1249 sola
1186 1207 1355 1262 utilitas,
1374 1218 1420 1249 ut
1441 1222 1523 1249 vo-

97 1277 190 1321 lunt
221 1278 426 1321 Utilitarii
459 1277 530 1336 (3)
565 1302 619 1311 —
653 1293 793 1335 neque
826 1277 915 1320 sola
963 1277 1168 1336 volu-puts,
1222 1291 1268 1321 ut
1323 1279 1520 1336 Epicurei

97 1349 363 1393 contendunt
394 1351 455 1407 (4)
488 1375 546 1383 —
578 1365 715 1408 neque
746 1348 946 1407 suffragia
980 1362 1079 1393 sunt
1113 1363 1182 1392 aut
1231 1352 1329 1394 scita
1374 1366 1524 1408 popu-

96 1419 253 1463 lorum.
288 1421 419 1463 Hisce
453 1421 565 1463 enim
601 1420 811 1471 admissis,
861 1436 1070 1477 quaenam
1120 1436 1208 1464 non
1261 1433 1514 1479 sequeretur

95 1491 269 1535 moralis
302 1492 464 1535 ordinis
497 1493 756 1550 perversio?
790 1492 1009 1550 quodnam
1043 1508 1129 1536 non
1165 1505 1415 1551 sequeretur
1437 1493 1518 1536 ab-

97 1563 318 1606 surdum?
365 1563 533 1608 Scilicet
571 1565 673 1606 «ius
707 1576 818 1607 esset
859 1563 1115 1621 latrocinari,
1162 1565 1227 1607 ius
1261 1563 1515 1621 adulterare,

95 1636 160 1678 ius
193 1648 448 1678 testamenta
470 1635 569 1679 falsa
602 1652 861 1694 supponere,
882 1637 915 1678 si
940 1636 1042 1679 haec
1065 1635 1278 1693 suffragiis
1306 1648 1380 1679 aut
1403 1637 1521 1679 scitis

95 1706 383 1750 multitudinis
402 1708 682 1765 probarentur
704 1726 743 1752 ».
769 1709 886 1751 Haec
903 1707 1112 1751 affirmare
1139 1723 1284 1751 nonne
1309 1707 1522 1750 dementis

94 1780 192 1822 est?
231 1780 344 1822 «Ius
377 1792 418 1822 et
450 1780 602 1822 iniuria
635 1794 783 1823 natura
834 1779 1090 1823 diiudicatur
1095 1814 1326 1824 ......
1364 1780 1420 1822 Ea
1470 1780 1513 1822 in

95 1851 300 1908 opinione
333 1852 591 1904 existimare,
614 1868 700 1895 non
735 1853 778 1894 in
810 1865 957 1895 natura
977 1853 1129 1910 posita,
1150 1851 1360 1895 dementis
1394 1864 1516 1895 est».

97 1923 222 1977 Quae
253 1924 408 1966 eximia
441 1936 540 1966 sunt
574 1924 796 1967 Ciceronis
830 1923 955 1966 verba
988 1923 1073 1981 (5).
1108 1924 1256 1966 Paucis
1292 1922 1393 1966 haec
1417 1938 1511 1965 om-

95 1996 164 2037 nia
211 1995 446 2052 attigimus:
497 2011 543 2038 ea
576 1996 691 2038 enim
726 2012 776 2038 ex
808 1994 1131 2038 tractationibus
1156 1994 1200 2037 asse
1225 1994 1457 2037 moralitate
1477 2005 1519 2036 et

97 2067 142 2110 de
175 2067 322 2125 legibus
354 2068 454 2110 satis
489 2068 569 2110 iam
606 2068 830 2125 perspicue
864 2066 1170 2124 intelliguntur.

193 2268 248 2313 (1)
273 2268 365 2315 Vide
393 2280 511 2314 super.
539 2268 631 2303 thes.
659 2269 721 2303 IV.
749 2280 885 2315 argum.
919 2280 948 2303 1.
978 2280 1057 2314 pag.
1087 2279 1140 2315 59.

192 2329 248 2372 (2)
275 2327 333 2363 Cf.
363 2327 480 2363 eamd.
507 2328 601 2363 thes.
626 2328 645 2363 l.
677 2329 736 2363 cit.

191 2387 245 2433 (3)
274 2385 328 2422 Cf.
356 2398 475 2433 super.
505 2387 574 2422 vol.
609 2399 636 2422 1.
664 2388 755 2422 thes.
782 2388 898 2423 XXII.
925 2399 1006 2435 pag.
1041 2388 1116 2432 178.

191 2445 246 2492 (4)
272 2446 326 2481 Cf.
353 2446 440 2483 ibid.
469 2457 550 2493 pag.
583 2447 658 2481 181.

190 2506 244 2550 (5)
272 2505 364 2540 Vide
391 2505 434 2540 dc
461 2505 530 2552 leg.
558 2506 580 2541 l.
612 2517 639 2541 1.
667 2517 744 2552 cap.
775 2505 824 2541 16.
842 2507 945 2540 Hunc
973 2507 1096 2541 locum
1118 2509 1190 2542 iam
1207 2507 1394 2542 attulimus
1407 2516 1522 2553 super.

95 2564 170 2599 vol.
200 2575 227 2600 1.
254 2565 346 2600 thes.
374 2565 501 2600 XLIX.
529 2577 612 2612 pag.
646 2566 723 2610 387.
