1737 2802
796 102 1030 155 ...75-

197 199 261 240 vis
308 209 494 239 creatum
545 212 636 238 esse
668 194 857 253 finitum,
888 195 1072 252 secundo,
1107 208 1271 239 rectum
1306 195 1513 240 hos'fines
1538 196 1620 241 de—

194 267 365 324 tegenii
400 266 580 309 modum
623 283 714 310 esse
758 266 886 324 hunc,
933 266 1071 323 legem
1122 280 1279 311 attente
1327 268 1539 326 dispicere
1571 284 1618 312 ac

195 341 270 382 rite
303 340 584 395 interpretari.
620 340 765 396 Itaque
802 339 878 382 hac
912 341 952 381 in
986 338 1095 382 thesi
1130 355 1306 396 agemus
1346 339 1396 383 de
1429 338 1620 399 conflictu

197 411 372 465 iurimn,
407 410 447 452 in
484 410 590 452 thesi
626 425 727 452 vero
762 423 966 468 sequente
1001 410 1051 454 de
1083 413 1282 454 cooetione
1316 411 1562 469 loquemur.

324 496 386 537 17.
423 482 807 525 Desioxs‘rRATm.
844 482 1072 540 Contingit
1106 498 1251 540 saepe,
1286 496 1333 526 ut
1368 483 1475 526 duae
1507 482 1623 540 leges

198 567 249 594 ex
282 553 485 610 opposito
530 565 798 604 concurrant,
844 566 1050 611 quatenus
1096 569 1177 596 una
1209 553 1378 612 impleri
1425 566 1623 612 nequeat,

198 624 302 680 quin
336 625 485 680 eoipso
519 624 645 667 altera
679 639 765 667 non
799 624 1040 683 impleatur.
1085 625 1294 683 Exemplo
1329 626 1415 669 sint
1446 625 1515 670 lex
1547 641 1625 669 na-

199 694 359 750 turalis,
402 711 509 753 quae
557 696 773 753 praecipit,
822 709 867 738 ut
912 697 1116 754 proximo
1162 698 1203 740 in
1253 710 1444 740 extrema
1487 697 1625 741 nostri

198 765 348 809 auxilii
381 767 632 810 necessitate
667 768 902 810 constituto
937 782 1106 825 praesto
1132 769 1284 826 simus,
1303 780 1345 812 et
1363 767 1430 812 lex
1447 768 1626 812 ecclesi-

201 838 342 889 astica,
376 853 482 895 quae
516 837 644 895 iubet,
678 851 723 881 ut
756 854 921 882 sacrum
958 838 1106 882 diebus
1140 838 1260 882 festis
1281 839 1519 884 audiamus:
1543 855 1626 898 po-

200 920 284 952 test
318 910 431 952 enim
481 909 739 967 quandoque
786 909 893 966 fieri,
940 923 986 953 ut
1036 910 1113 954 hae
1164 910 1271 955 duae
1318 910 1434 968 leges
1477 926 1626 954 secum

196 979 429 1023 exadverso
462 994 734 1036 concurrant,
770 982 825 1024 ita
857 995 903 1024 ut
935 995 1160 1038 utramque
1194 983 1320 1025 simul
1356 982 1536 1040 implere
1558 981 1624 1026 le-

198 1067 295 1109 gem
331 1068 608 1110 nequeamus.
642 1078 699 1086 —
733 1054 814 1096 Hic
846 1067 987 1097 tamen
1024 1054 1249 1097 conflictus
1282 1070 1370 1098 non
1405 1067 1469 1098 est
1492 1066 1625 1098 onto-

198 1122 338 1179 logice
371 1139 509 1176 verus,
555 1124 628 1168 sed
676 1125 809 1167 menti
860 1124 1143 1169 solummodo
1191 1134 1404 1184 apparens.
1455 1126 1625 1169 Etenim

198 1209 249 1237 ex
281 1195 331 1237 iis
367 1194 528 1238 duabus
563 1195 727 1253 legibus
759 1196 957 1239 alterutra
991 1196 1274 1254 proculdubio
1309 1197 1360 1240 iis
1393 1197 1434 1239 in
1468 1196 1625 1240 adiun-

201 1268 279 1310 ctis
313 1280 406 1310 actu
442 1283 527 1311 non
562 1266 734 1325 obligat.
769 1269 895 1324 Dico,
914 1270 956 1311 in
991 1270 1039 1311 iis
1071 1268 1291 1312 adiunctis.
1325 1268 1441 1312 Nam
1483 1269 1626 1312 seiun-

199 1341 293 1384 ctim
325 1339 378 1382 ab
410 1341 509 1393 illis,
545 1356 619 1383 seu
654 1356 698 1382 re
730 1339 909 1383 absolute
944 1341 1147 1398 inspecta,
1179 1354 1360 1398 utraque
1407 1339 1475 1383 lex
1514 1341 1625 1396 (tum

202 1411 481 1456 subveniendi
516 1413 735 1470 proximo,
768 1424 860 1454 tum
898 1427 1071 1456 sacrum
1117 1411 1333 1469 audiendi)
1369 1423 1450 1455 stat
1481 1427 1530 1456 ac
1559 1411 1627 1455 vi-

201 1497 273 1543 get
303 1486 379 1541 (1):
412 1485 580 1528 relative
612 1497 768 1538 tamen,
802 1500 877 1527 seu
927 1484 1192 1542 dependenter
1235 1483 1286 1526 ab
1321 1485 1370 1527 iis
1403 1483 1626 1537 adiunctis,

201 1555 400 1599 alterutra
432 1570 541 1610 actu,
576 1569 622 1599 ut
659 1555 756 1610 dixi,
789 1571 877 1599 non
911 1555 1070 1612 obligat
1107 1571 1180 1598 seu
1204 1554 1348 1612 quoad
1371 1555 1627 1598 exercitium

201 1627 490 1685 suspenditur.
543 1629 667 1673 Ratio
710 1629 753 1670 in
792 1639 996 1685 promptu
1030 1640 1108 1682 est,
1143 1626 1235 1670 sive
1269 1641 1359 1669 rem
1378 1638 1544 1684 spectes
1577 1641 1629 1669 ex

201 1713 319 1758 parte
352 1701 581 1758 sapientiae
615 1700 713 1756 Dei,
751 1700 823 1757 qui
862 1711 1011 1742 auctor
1059 1697 1232 1741 tandem
1267 1710 1331 1742 est
1373 1690 1498 1755 atque
1529 1696 1628 1741 fons

202 1771 401 1814 omnium
440 1770 599 1827 legum,
633 1772 793 1829 quique
840 1770 989 1828 nequit
1035 1768 1338 1813 irrationabilia
1370 1769 1626 1828 praecipere:

200 1843 292 1886 sive
324 1858 415 1885 rem
450 1842 695 1886 consideres
727 1859 778 1886 ex
812 1854 928 1900 parte
962 1841 1169 1895 hominis,
1195 1842 1261 1884 cui
1283 1841 1350 1884 lex
1373 1840 1628 1899 imponitur,

201 1915 363 1973 quique
396 1916 544 1973 nequit
577 1916 628 1958 ad
662 1913 943 1972 impossibilia
987 1912 1165 1970 obligari
1207 1929 1282 1957 seu
1333 1913 1376 1955 in
1423 1911 1626 1971 peccandi

201 1987 453 2030 necessitate
486 1988 702 2030 constitui.
739 2012 788 2018 -—
826 1987 941 2030 Cum
966 1986 1008 2028 in
1042 2001 1094 2028 eo
1128 1984 1329 2028 conflictu
1357 1999 1442 2027 una
1462 1983 1626 2027 solum·
1679 2040 1683 2043 Α

202 2057 336 2101 modo
370 2058 437 2101 lex
471 2074 617 2116 reapse
650 2071 691 2102 et
735 2059 776 2100 in
816 2071 910 2100 actu
954 2055 1145 2099 secundo
1191 2055 1419 2099 efficaciam
1455 2053 1626 2108 habeat,

297 2259 354 2305 (ι)
382 2260 474 2294 Hinc
501 2261 622 2305 inepte
646 2269 834 2306 tamquam
861 2258 1069 2304 exemplum
1111 2259 1230 2300 liuius,
1258 2256 1302 2292 de
1333 2267 1404 2303 quo
1432 2255 1628 2303 loquimur,

209 2330 406 2354 concursus
433 2331 628 2365 poneretur
653 2319 710 2354 lex
736 2319 907 2353 naturalis
936 2317 1133 2364 prohibens
1163 2317 1408 2352 idololatriam
1436 2323 1470 2351 et
1494 2315 1552 2351 lex
1577 2315 1629 2350 ci-

203 2378 286 2412 vilis
301 2378 479 2420 eamdem,
507 2389 543 2413 ut
572 2390 679 2424 saepe
707 2379 872 2424 contigit,
891 2377 1125 2424 praecipiens.
1143 2375 1360 2412 Huiusmodi
1386 2375 1483 2410 enim
1517 2373 1630 2409 civilis

205 2438 274 2480 lex,
302 2447 429 2484 utpote
457 2439 588 2484 iniqua,
615 2439 759 2472 nonnisi
785 2449 848 2484 per
877 2438 1030 2472 abusum
1065 2437 1168 2470 vocis
1204 2435 1454 2482 appellaretur,
1486 2433 1559 2477 lex,
1595 2442 1630 2468 et

203 2507 297 2533 esset
324 2497 541 2544 simpliciter
559 2507 665 2544 atque
692 2498 856 2532 absolute
884 2497 987 2531 omni
1008 2496 1040 2530 vi
1060 2495 1246 2541 obligandi
1263 2493 1431 2529 destituta
1447 2503 1510 2528 seu
1526 2491 1628 2528 nullo

202 2559 238 2592 in
266 2569 350 2593 casu
378 2567 472 2593 esset
503 2559 571 2592 lex.
599 2557 669 2592 Ubi
696 2569 782 2602 ergo
811 2555 1022 2592 conflictus?
1049 2556 1108 2590 ubi
1135 2565 1255 2601 pugna
1282 2551 1423 2600 legum?
