1737 2802
796 84 1065 139 ..298-

334 183 577 236 Quaerenti
611 183 760 239 igitur,
796 193 943 223 utrum
977 178 1170 223 dominia
1205 180 1368 238 privata
1400 179 1486 222 sint
1520 194 1543 222 a
1564 193 1649 222 na-

212 267 305 297 tura
340 253 566 296 immediate
601 268 651 295 an
685 267 789 295 vero
823 252 1004 308 mediate,
1038 252 1185 309 paucis
1219 253 1281 295 sic
1314 250 1647 309 respondemus:

213 351 271 357 --
305 338 404 367 sunt
438 325 622 381 mediate,
655 325 689 367 si
724 323 1052 366 considerentur
1082 323 1125 365 in
1157 332 1253 366 actu
1286 336 1327 366 et
1370 323 1547 380 insuper
1580 322 1646 366 de-

213 397 427 439 terminate
459 422 518 428 --
551 396 585 438 si
621 394 952 438 considerentur
994 395 1035 436 in
1078 395 1280 452 potentia,
1310 394 1378 437 vel
1425 394 1556 437 etiam
1602 394 1646 436 in

212 476 305 511 actu
339 467 414 510 sed
449 468 774 520 indeterminate,
808 479 909 509 sunt
933 481 954 508 a
978 478 1127 508 natura
1161 470 1248 520 (eo,
1284 481 1415 524 quem
1431 465 1648 522 diximus,

215 554 360 583 sensui
394 540 637 583 immediate.

332 611 447 653 PARS
481 624 673 653 ALTERA.
709 611 739 653 Ι.
775 611 921 655 Restat
953 608 1280 667 inquirendum,
1314 623 1525 666 quaenam
1551 608 1638 650 sint

204 682 339 739 facta,
372 681 528 739 quibus
561 681 751 725 naturale
784 681 887 725 illud
920 682 986 724 ius
1020 681 1267 739 acquirendi
1300 696 1367 724 res
1405 680 1646 739 applicatur

215 766 324 810 actu,
359 769 433 797 seu
469 770 518 796 ex
553 753 886 796 indeterminato
921 765 1045 810 atque
1095 752 1304 796 abstracto
1337 751 1384 795 fit
1432 751 1645 801 determi-

213 837 362 867 natum
398 838 438 868 et
473 838 723 868 concretum
758 826 800 868 in
836 825 913 867 hac
944 825 1012 867 vel
1044 823 1112 867 illa
1146 839 1190 866 re
1225 823 1440 882 peculiari.
1463 848 1520 856 -
1545 823 1647 866 Dis-

211 897 452 953 tinguimus
501 910 644 940 autem
693 896 854 940 factum
899 897 1205 954 primigenimn‚
1242 911 1331 953 quo
1369 911 1435 938 res
1482 893 1644 937 nullius

213 968 412 1012 dominio
446 967 634 1011 subiecta
668 969 812 1025 primo
845 967 891 1010 fit
924 968 1116 1024 alicuius,
1149 980 1190 1010 et
1229 966 1338 1010 facta
1383 966 1645 1022 secundaria,

213 1039 368 1097 quibus
402 1056 469 1083 res
503 1040 700 1084 dominio
735 1041 863 1083 unius
897 1040 982 1082 iam
1017 1039 1182 1082 addicta
1215 1039 1367 1081 transit
1409 1039 1452 1080 in
1497 1037 1649 1081 domi-

214 1113 336 1155 nium
371 1112 557 1155 alterius.

335 1185 391 1229 II.
429 1184 645 1242 Occupatio
679 1197 743 1226 est
775 1183 934 1226 factum
964 1183 1269 1241 primigenium,
1302 1197 1390 1240 quo
1429 1181 1649 1225 mediante

215 1272 299 1312 res,
335 1273 442 1315 quae
475 1268 569 1298 actu
605 1255 762 1298 nullius
813 1268 914 1310 erat,
949 1257 1091 1313 primo
1139 1255 1187 1298 fit
1234 1255 1428 1298 alicuius.
1462 1278 1517 1286 -
1550 1253 1648 1297 No-

213 1330 329 1372 mine
362 1328 657 1385 occupationis
682 1327 950 1383 intelligitut,
985 1327 1108 1370 realis
1133 1326 1419 1385 apprehensio
1453 1327 1530 1383 rei,
1550 1340 1641 1369 cum

212 1402 352 1443 animo
386 1415 476 1442 eam
509 1399 585 1443 sibi
616 1398 867 1457 acquirendi.
903 1399 1029 1451 Quae
1063 1411 1286 1456 postrema
1317 1397 1445 1442 verba
1487 1397 1645 1440 merito

214 1471 443 1515 adduntur.
467 1472 624 1528 Neque
658 1472 773 1514 enim
798 1469 1037 1513 illiusmodi
1061 1472 1230 1513 animus
1255 1485 1345 1513 rem
1369 1484 1517 1512 secum
1546 1470 1643 1526 ipso

212 1543 497 1586 connectendi
531 1544 660 1586 toties
708 1541 840 1595 adest,
875 1542 1046 1600 quoties
1096 1542 1236 1598 aliqua
1269 1557 1335 1584 res
1385 1539 1641 1598 quomodo-

215 1631 402 1673 cumque
435 1614 785 1673 apprehenditur.
822 1615 867 1657 E.
903 1629 943 1670 g.
980 1613 1146 1656 deesset
1181 1614 1224 1655 in
1257 1629 1326 1670 eo,
1359 1613 1433 1671 qui
1465 1605 1542 1655 iter
1576 1610 1643 1654 fa-

214 1687 329 1730 ciens
363 1688 533 1729 sisteret
575 1687 616 1728 in
661 1701 814 1742 campo
852 1684 998 1743 (quem
1049 1685 1234 1728 domino
1281 1696 1501 1742 expertem
1549 1697 1645 1726 esse

213 1759 536 1816 supponimus),
573 1757 715 1814 ibique
748 1758 989 1814 quiesceret
1026 1756 1171 1815 aliquo
1220 1756 1431 1814 temporis
1482 1755 1647 1814 spatio,

213 1845 302 1888 quo
335 1829 481 1887 elapso
516 1846 664 1872 rursus
698 1829 741 1871 in
775 1829 889 1871 viam
925 1844 969 1871 se
1003 1829 1310 1871 committeret:
1345 1838 1494 1870 contra
1526 1825 1651 1869 ades-

213 1913 277 1943 set
311 1901 353 1943 in
387 1916 453 1956 eo,
487 1902 560 1958 qui
595 1916 796 1958 campum
832 1899 955 1942 illum
990 1901 1278 1957 conspicatus,
1312 1914 1436 1942 suam
1468 1897 1525 1941 ibi
1567 1898 1646 1940 in—

212 2097 308 2131 neat‚
335 2088 404 2123 hoc
427 2089 664 2124 solummodo
692 2088 849 2124 mediate
876 2088 1010 2134 pendet
1029 2099 1047 2122 a
1065 2096 1203 2130 natura,
1221 2087 1243 2122 i.
1262 2098 1291 2123 e.
1310 2095 1581 2132 consequenter
1596 2085 1644 2119 ad'

214 2148 351 2184 factum
379 2149 524 2196 aliquod
550 2149 751 2183 humanum
780 2157 813 2183 et
841 2148 1068 2194 contingens.
1098 2167 1141 2173 —
1169 2147 1341 2182 Similiter
1366 2157 1422 2182 res
1461 2157 1499 2180 se
1537 2145 1647 2180 habet

213 2209 249 2243 in
275 2209 441 2243 dominio
470 2209 726 2243 iurisdictionis.
754 2208 877 2251 Quod,
905 2207 1091 2255 loquendo
1120 2211 1154 2241 in
1180 2219 1311 2254 genere,
1338 2207 1374 2241 in
1402 2206 1500 2241 civili
1525 2205 1644 2241 socie-

211 2276 284 2302 tate
311 2267 443 2314 aliquis
468 2269 635 2314 imperet,
660 2267 719 2302 alii
746 2268 897 2303 subiecti
923 2268 1006 2309 sint,
1023 2279 1087 2302 seu
1107 2267 1204 2314 quod
1223 2268 1269 2302 sit
1291 2266 1422 2301 divisio
1448 2265 1582 2300 civium
1607 2263 1644 2297 in

210 2327 377 2362 subditos
402 2337 437 2363 et
463 2329 698 2373 imperantes,
719 2328 789 2363 hoc
808 2326 972 2373 profecto
1000 2336 1052 2362 est
1079 2327 1290 2362 immediate
1308 2328 1352 2361 ab
1381 2327 1462 2372 ipso
1482 2326 1564 2360 Deo
1583 2334 1646 2358 na-

207 2396 310 2422 turae
337 2396 497 2421 auctore.
524 2386 635 2429 Quod
662 2396 785 2422 autem
813 2387 932 2422 Titius
958 2387 1003 2422 sit
1023 2386 1095 2429 ille,
1115 2387 1175 2433 qui
1203 2387 1368 2432 imperet,
1389 2384 1513 2432 potius
1531 2392 1638 2430 quam

212 2446 334 2488 Caius,
361 2447 426 2493 qui
451 2457 470 2480 e
498 2447 680 2481 contrario
718 2446 769 2481 illi
796 2447 897 2481 alteri
935 2447 1083 2481 subesse
1108 2455 1289 2489 teneatur,
1332 2445 1403 2480 hoc
1429 2455 1505 2480 non
1545 2451 1598 2479 est
1624 2454 1644 2477 a

207 2516 337 2541 natura
364 2507 431 2541 nisi
471 2506 655 2541 mediante
683 2506 805 2552 aliquo
832 2507 996 2541 humano
1035 2505 1145 2548 facto,
1172 2514 1256 2552 puta
1293 2511 1562 2552 consequenter
1598 2501 1649 2537 ad

208 2567 429 2601 electionem
457 2566 664 2612 legitimam
693 2566 779 2600 Titii
806 2566 843 2599 in
872 2565 1077 2611 principem
1106 2576 1170 2600 seu
1197 2575 1332 2612 regem.
