1737 2802
836 137 1100 168 —102—

258 220 359 262 haec
391 235 492 276 erga
524 219 669 262 Deum
702 244 760 252 —
793 234 978 277 quorum
1009 216 1201 262 custodia
1223 217 1273 263 ad
1296 218 1479 263 aliorum
1501 235 1677 279 quoque

258 290 499 334 officiorum
525 290 870 334 observationem
894 305 973 332 nos
997 291 1235 334 necessario
1264 290 1436 335 adducit
1460 317 1512 325 —·
1539 304 1678 336 trans-

257 366 423 423 gressio
456 380 558 408 vero
593 363 643 407 ad
676 377 917 407 ceterorum
952 378 1126 421 quoque
1168 362 1447 409 violationem
1480 365 1673 423 impellit.

511 564 542 609 g.
568 564 601 598 1.
627 565 687 598 De
712 565 763 599 iis
788 564 969 599 hominis
995 574 1094 608 erga
1118 565 1246 599 Deum
1271 565 1432 606 officiis,

306 647 410 680 quae
436 648 525 672 cum
552 638 644 681 ipsa
668 638 849 673 hominis
874 638 1022 672 natura
1047 639 1142 672 sunt
1170 637 1405 673 immediate
1434 647 1633 674 connexa.

810 827 977 871 Tiffists
1011 828 1128 872 VIII.

259 942 371 985 Deus
404 940 633 983 ahsolutum
665 948 701 982 et
733 938 938 983 essentiale
969 938 1082 982 habet
1115 940 1158 982 in
1189 939 1390 982 hominem
1431 938 1678 994 dominium,

375 1013 441 1055 cui
473 1010 682 1069 respondet
716 1012 758 1053 in
790 1011 945 1053 homine
966 1010 1196 1053 absolutum
1219 1019 1256 1053 et
1277 1010 1483 1054 essentiale
1504 1010 1678 1068 officium

375 1084 586 1129 reverendi
617 1093 737 1142 atque
784 1083 1012 1127 honorandi
1054 1084 1205 1137 Deum,
1253 1084 1363 1142 eique
1407 1085 1449 1127 in
1496 1083 1682 1129 omnibus

376 1156 596 1201 obediendi.

377 1284 444 1326 27.
480 1270 864 1313 DEMONSTRATIO.
899 1270 1019 1312 Deus
1054 1281 1117 1312 est
1151 1269 1340 1313 hominis
1365 1295 1423 1303 —
1445 1282 1678 1314 creator—

257 1354 533 1386 conservator
565 1366 622 1374 —
654 1340 750 1383 finis
785 1339 978 1384 ultimus,
1013 1341 1130 1383 Haec
1163 1341 1241 1384 tria
1273 1342 1306 1384 si
1344 1341 1677 1400 perpendantur,

256 1413 313 1470 id,
347 1413 464 1471 quod
497 1413 574 1456 hac
604 1413 647 1456 in
680 1412 789 1455 thesi
823 1412 1066 1468 statuimus,
1100 1411 1213 1456 illico
1247 1412 1421 1471 patebit.

376 1487 409 1530 Ι.
442 1485 566 1529 Fides
599 1498 639 1528 et
671 1484 872 1528 naturalis
907 1484 996 1541 ipsa
1045 1484 1149 1527 ratio
1187 1499 1267 1528 nos
1317 1484 1486 1539 docent,
1535 1485 1680 1530 Deum

255 1573 349 1601 esse
379 1566 600 1601 creatorem
632 1556 838 1600 hominis.
870 1556 966 1613 Ipse
998 1568 1077 1608 est,
1103 1556 1176 1614 qui
1210 1571 1366 1614 corpus
1389 1555 1472 1600 hoc
1497 1571 1680 1615 corrup-

256 1629 372 1673 tibile
405 1646 450 1673 ac
483 1628 664 1673 mortale
697 1629 938 1686 plasmavit,
970 1628 1076 1671 hanc
1125 1629 1312 1672 animam
1351 1628 1591 1688 simplicem
1640 1643 1681 1674 et

257 1701 550 1745 immortalem
584 1717 605 1744 e
638 1700 774 1744 nihilo
799 1700 960 1757 eduxit,
979 1716 1159 1758 eamque
1182 1699 1281 1743 huic
1306 1700 1478 1758 corpori
1502 1701 1682 1744 coniun-

257 1789 363 1831 gens
397 1772 532 1816 effecit
565 1771 812 1816 admirabile
846 1772 927 1815 hoc
962 1788 1012 1815 ex
1044 1773 1219 1815 materia
1251 1784 1292 1815 et
1324 1773 1476 1830 spiritu
1501 1788 1682 1831 compo-

258 1846 402 1898 situm,
441 1844 559 1901 quod
606 1856 669 1887 est
712 1843 862 1887 homo.
917 1861 937 1885 «
971 1844 1145 1887 Creavit
1190 1844 1308 1887 Deus
1358 1843 1581 1887 hominem
1629 1843 1679 1888 ad

257 1917 492 1974 imaginem
540 1932 660 1959 suam
697 1933 719 1955 ³>
757 1917 830 1972 (Ι).
866 1941 918 1947 -
954 1916 1087 1973 Atqui
1135 1917 1170 1959 si
1213 1916 1333 1959 Deus
1382 1928 1444 1960 est
1491 1915 1681 1959 hominis

258 2001 433 2041 creator,
469 2001 531 2031 est
564 2004 615 2031 eo
641 1988 736 2045 ipso
770 1988 894 2030 etiam
928 1987 1118 2031 dominus
1152 1987 1355 2031 hominis.
1382 1988 1497 2032 Natn
1522 1986 1678 2044 duplex

254 2072 318 2103 est
350 2059 582 2102 effectionis
618 2058 790 2115 modus,
824 2073 978 2115 nempe
1014 2058 1078 2101 vel
1112 2074 1165 2101 ex
1198 2059 1334 2118 aliquo
1382 2059 1448 2102 vel
1483 2075 1535 2103 ex
1565 2060 1679 2104 nullo

254 2132 560 2190 praeexistente
594 2130 799 2174 subiecto,
834 2131 1031 2173 Iamvero
1065 2129 1228 2184 artifex,
1273 2132 1345 2189 qui
1394 2133 1537 2189 primo
1575 2130 1680 2175 effe-

253 2204 407 2247 ctionis
441 2203 575 2247 modo
610 2215 809 2260 operatur
844 2202 895 2254 (e.
931 2218 971 2259 g.
1007 2202 1210 2260 sculptor,
1244 2204 1320 2262 qui
1343 2216 1529 2247 statuam
1558 2203 1681 2262 fingit

348 2425 404 2469 (1)
433 2424 524 2460 Gen.
547 2425 569 2460 l.
591 2435 645 2468 27.
666 2444 709 2450 —
738 2425 839 2460 Hanc
868 2424 1071 2466 veritatem,
1094 2425 1204 2459 Deum
1222 2435 1286 2459 esse
1311 2424 1455 2458 hominis
1480 2428 1681 2461 creatorem,

251 2483 458 2529 Theologia
487 2486 595 2519 etiarn
621 2486 790 2520 naturalis
818 2486 936 2519 docet:
965 2485 1007 2518 ab
1034 2485 1099 2518 hac
1127 2492 1248 2519 autern
1275 2483 1440 2524 scientia,
1468 2483 1524 2516 cui
1550 2481 1676 2516 Ethica

253 2543 496 2578 subalternam
522 2553 574 2579 est
601 2546 647 2579 (v.
677 2545 749 2580 vol.
777 2545 802 2581 I.
836 2544 1033 2590 Prologum
1063 2555 1145 2590 pag.
1170 2543 1240 2589 X.),
1269 2543 1343 2577 iure
1369 2541 1573 2588 meritoque
1605 2551 1675 2575 ve-

253 2605 394 2639 ritatem
422 2604 512 2639 hanc
541 2606 771 2641 assumimus.
