1737 2802
642 182 905 235 —167—

64 278 170 323 teles
201 277 276 335 (1):
312 277 465 329 Quum
501 275 725 320 difficultas
759 274 928 319 duobus
961 275 1014 317 sit
1036 273 1180 335 modis
1213 273 1286 332 (ex
1318 273 1483 317 defectu

66 348 445 407 cognoscibilitatis
479 349 520 391 in
553 347 679 391 rebus
711 347 777 391 vel
809 364 860 391 ex
891 345 1058 391 defectu
1106 347 1274 390 virtutis
1323 361 1485 403 cogno-

65 422 238 464 scitivae
270 422 312 462 in
354 432 506 463 nostro
553 418 809 477 intellectu),
855 418 1049 462 fortassis
1098 433 1222 460 causa
1263 417 1354 459 eius
1396 431 1485 460 non

65 491 190 536 rebus
224 491 298 535 sed
345 491 468 534 nobis
512 492 614 548 ipsis
662 491 772 534 inest
811 490 882 547 (2).
934 487 1323 543 Quemadmodum
1368 489 1484 530 enim

67 563 180 607 oculi
213 562 565 621 vespertilionum
600 561 650 605 ad
683 562 830 604 lumen
865 561 946 605 diei
980 577 1025 604 se
1059 560 1227 616 habent,
1266 561 1321 603 ita
1353 572 1393 603 et
1416 561 1486 602 in-

64 633 257 678 tellectus
292 635 455 677 animae
502 646 672 676 nostrae
706 632 757 676 ad
791 649 850 686 ea,
885 649 992 691 quie
1026 631 1271 675 naturaliter
1303 630 1486 674 manife-

65 700 253 748 stissima
295 706 494 747 omnium
539 717 649 747 sunt.
677 704 798 756 Ἴσως
843 700 885 747 δὲ
927 700 1003 746 καὶ
1052 710 1130 755 τῆς
1178 702 1293 763 χαλ
1281 700 1485 754 πότητσς

64 775 197 829 οὔσης
231 776 352 820 κατὰ
385 773 461 819 ὂύῡ
497 774 694 836 τρόπους,
729 775 808 818 σύκ
843 775 884 818 ἐν
913 780 1000 827 τοῖς
1027 775 1332 838 ποάγυασι)
1316 774 1457 818 &W
1445 774 1484 817 Ζν

63 849 172 907 ἡμῖν
215 846 262 890 τὸ
308 846 445 890 αἴτιόν
489 847 600 890 ἔστιν
651 847 803 899 αὐτῆς.
838 847 998 909 Ὥσπερ
1042 847 1128 909 sico
1176 843 1253 890 καὶ
1297 844 1353 889 τὰ
1399 851 1484 889 τῶν

64 913 326 979 νυκτερίδων
359 916 553 976 ἁλιμυκτα
589 918 694 978 ποὺς
728 919 774 961 τὸ
800 933 844 960 ιε
838 915 955 978 ’γμς
986 917 1056 977 {75
1063 933 1073 960 ι
1096 916 1143 961 τὸ
1172 933 1222 961 uz
1228 917 1266 961 θ’
1300 919 1384 976 {luz
1389 933 1485 979 σαν,

65 989 177 1034 οὕτω
209 987 286 1034 καὶ
321 998 396 1042 τῆς
430 991 515 1049 ἤνις
520 1005 560 1021 ·=
546 988 646 1051 έοας
676 994 822 1050 Lv7a‘53
857 989 877 1033 ὃ
911 995 1012 1042 νοῦς
1053 987 1157 1053 πρὸς
1193 989 1248 1032 τὰ
1281 996 1332 1052 τῇ
1368 988 1486 1032 φύσει

65 1062 355 1122 φανερώτατα
390 1061 503 1104 πάντ
508 1078 578 1106 ων.
612 1062 679 1105 Ad
712 1078 801 1105 rem
837 1063 965 1106 etiim
1001 1063 1162 1106 Seneca
1184 1064 1257 1117 (3):
1299 1080 1318 1102 «
1341 1062 1488 1104 Plera-

65 1151 147 1193 que
183 1148 280 1178 ante
328 1135 475 1178 oculos
520 1136 659 1192 posita
714 1137 956 1178 transimus:
990 1151 1114 1192 saepe
1158 1136 1327 1177 animus
1360 1135 1484 1177 etiam

65 1219 209 1264 aperta
241 1205 494 1248 dissimulat.
528 1206 765 1263 Ingerenda
799 1220 861 1249 est
896 1207 951 1248 illi
987 1207 1138 1249 notitia
1176 1221 1319 1248 rerum
1353 1205 1485 1247 notis-

65 1281 286 1322 simarum.
318 1296 338 1316 »
375 1279 569 1321 Iamvero
603 1293 688 1320 non
724 1291 948 1335 repugnat,
981 1277 1056 1321 sed
1091 1294 1112 1320 e
1151 1278 1363 1320 contrario
1398 1293 1486 1319 ma-

63 1352 179 1394 xime
227 1351 443 1404 convenit,
491 1364 535 1392 ut
572 1352 691 1393 Deus
726 1351 817 1408 ipse
852 1350 957 1394 lianc
1001 1352 1039 1394 ei
1083 1351 1277 1393 notitiam
1325 1352 1487 1406 ingerat

65 1437 140 1481 per
173 1420 488 1464 revelationem.

184 1507 255 1548 40.
291 1493 548 1537 SCHOLloN.
584 1493 748 1536 Contra
773 1493 877 1536 lianc
902 1493 1058 1536 thesim
1085 1493 1184 1535 haec
1209 1493 1487 1550 potissimum

72 1563 200 1608 obiici
234 1563 374 1607 solent
397 1581 418 1606 a
452 1564 740 1621 rationalistis,
764 1566 853 1623 qui,
891 1578 934 1607 ut
959 1564 1160 1621 diximus,
1184 1563 1488 1607 revelationem

66 1652 242 1679 omnem
277 1637 630 1694 supernaturalem
666 1638 878 1691 reficiunt,
901 1650 1120 1694 tamquam
1156 1635 1483 1694 impossibilem,

66 1709 289 1767 solamque
322 1709 553 1752 admittunt
589 1709 893 1752 revelationem
929 1709 1176 1752 naturalem.

66 1915 176 1950 cudis.
205 1916 265 1950 Est
292 1916 388 1950 enim
417 1915 550 1961 aliquid
591 1915 764 1957 medium,
792 1916 886 1962 quod
926 1917 970 1950 sit
1008 1916 1180 1959 hominis,
1210 1916 1299 1949 idest
1336 1915 1487 1949 scientia

66 1987 147 2010 curn
174 1976 403 2022 ignoratione
430 1976 625 2009 coniuncta
653 1985 686 2009 et
714 1986 925 2021 temperata.
948 1990 963 2006 »
996 1997 1024 2000 -
1049 1976 1171 2022 Itaque
1199 1977 1233 2010 in
1260 1983 1412 2021 utroque
1431 1984 1485 2009 cst

67 2046 178 2076 error,
207 2044 283 2069 tum
325 2035 353 2069 si
393 2035 549 2069 affirmes
576 2036 698 2069 omnia
727 2047 809 2069 vera
838 2047 914 2070 esse
941 2036 1005 2070 tibi
1044 2045 1142 2079 nota,
1168 2046 1242 2070 tum
1283 2037 1310 2069 si
1352 2045 1488 2069 asseras

65 2095 189 2128 omnia
215 2105 291 2129 esse
317 2094 382 2128 tibi
408 2095 566 2129 occulta.
594 2095 703 2128 Recte
730 2104 850 2129 autem
880 2094 988 2137 dices,
1016 2097 1043 2129 si
1073 2094 1226 2138 fatearis,
1256 2095 1369 2130 multa
1404 2106 1487 2129 vera

64 2153 126 2188 tibi
153 2164 230 2188 esse
256 2163 354 2194 nota,
382 2154 480 2198 plum
509 2164 626 2188 autern
655 2155 717 2189 tibi
747 2165 825 2188 esse
852 2155 1010 2195 occulta,
1042 2155 1098 2188 vel
1125 2167 1166 2189 ex
1191 2163 1284 2197 toto,
1311 2154 1368 2189 vel
1396 2166 1486 2201 qua-

65 2223 170 2248 tenus
194 2213 323 2248 clarius
349 2214 462 2247 adhuc
490 2223 637 2259 possent
664 2215 836 2261 cognosci
866 2214 1073 2260 firmiusque
1099 2215 1226 2249 teneri.

160 2274 216 2317 (1)
243 2273 403 2318 Metapii.
432 2274 456 2309 l.
491 2285 520 2308 1.
551 2286 628 2319 cap.
661 2285 686 2308 1.
716 2286 813 2308 num.
843 2285 876 2309 2.

160 2333 215 2378 (2)
241 2333 266 2367 1.
292 2345 322 2367 e.
347 2334 457 2368 velum
488 2333 702 2379 impediens,
743 2346 787 2368 ne
823 2334 1010 2370 veritatem
1047 2335 1261 2377 intueamur,
1290 2346 1397 2380 saepe
1435 2344 1488 2370 est

65 2392 280 2438 impositum
308 2403 381 2426 non
408 2393 477 2427 iam
495 2393 563 2438 ipsi
589 2394 742 2437 veritati,
762 2405 851 2440 quae
880 2394 922 2427 de
949 2405 987 2428 se
1014 2404 1066 2429 est
1095 2395 1292 2441 perspicua,
1311 2395 1371 2429 sed
1399 2406 1488 2429 nos-

64 2463 140 2488 trae
166 2453 297 2487 mentis
325 2452 450 2487 oculis.
477 2453 556 2487 Hoc
591 2464 697 2498 porro
737 2453 857 2488 velum
894 2454 1109 2501 quandoque
1136 2464 1244 2489 tenue
1278 2464 1340 2494 est,
1368 2466 1484 2501 quan-

67 2511 184 2558 doque
219 2522 306 2545 vero
341 2512 432 2545 adeo
469 2511 637 2553 densum,
665 2522 702 2547 ut
742 2512 831 2546 nihil
868 2512 925 2546 vel
963 2512 1066 2547 valde
1097 2524 1222 2558 parum
1259 2513 1302 2547 de
1338 2513 1488 2548 veritate

69 2569 374 2615 introspiciamus.

159 2628 217 2673 (ς)
243 2628 355 2675 Epist·
384 2638 443 2675 94-
