1737 2802
724 140 775 146 -·
813 129 894 172 355
930 140 982 147 “··

129 211 373 257 essentiam
422 209 765 263 consideremus,
799 211 1045 254 invenimus
1094 209 1328 253 naturalem
1375 209 1574 252 unitatem

131 297 216 327 seu
248 280 550 340 aequalitatem.
586 281 756 326 Omnes
790 282 905 324 enim
939 280 1136 325 eamdem
1175 279 1331 324 habent
1362 292 1573 325 naturam:

130 368 295 397 -omnes
329 364 428 395 sunt
461 353 565 395 socii
598 351 676 395 sub
704 352 858 396 eodem
892 351 1123 396 universali
1147 352 1346 395 omnium
1381 352 1573 410 principe

140 426 252 470 Deo:
287 439 440 468 omnes
475 436 575 467 sunt
609 425 804 468 conservi
839 423 1036 468 eiusdem
1061 424 1253 482 supremi
1287 423 1456 467 domini
1480 424 1576 468 Dei:

140 511 271 541 nemo
305 496 356 539 ad
390 496 519 538 alium
553 494 777 539 hominem
811 495 1036 539 ordinatur
1073 508 1295 554 tamquam
1345 495 1398 539 ad
1445 495 1576 539 finem

131 568 222 622 rui,
254 567 329 611 sed
364 582 516 610 omnes
551 582 684 625 aeque
717 566 767 610 ad
790 567 936 610 Deum
969 562 1191 625 tamquam
1214 565 1345 610 finem
1374 566 1577 612 ultimum

141 637 399 683 referuntur.
434 638 510 681 Sin
544 651 685 681 autem
718 637 767 697 β)
801 638 1000 681 homines
1029 637 1267 682 secundum
1300 638 1575 683 individuum

144 708 486 766 consideremus,
514 709 759 753 invenimus
793 710 1031 753 naturalem
1065 710 1337 754 diversitatem
1358 712 1492 769 quoad
1512 727 1579 756 ac-

132 779 330 824 ⁴cidentia.
360 779 631 823 Huiusmodi
656 779 921 824 diversitates
946 779 1147 824 dicuntur
1170 781 1446 832 accidentales,
1477 799 1578 841 qua-

140 865 268 896 tenus
301 866 389 895 non
423 852 692 895 constituunt
726 853 955 896 essentiam
1004 852 1254 897 humanam.
1290 854 1402 898 Sunt
1433 867 1578 898 autem

135 922 366 975 naturales,
415 935 624 980 quatenus
671 935 770 966 sunt
817 939 839 966 a
885 935 1033 966 natura
1066 924 1093 967 i.
1128 939 1162 966 e.
1197 939 1220 966 a
1257 925 1355 968 Deo
1401 939 1578 970 naturae

133 1005 317 1037 auctore
350 993 550 1038 intentae:
598 995 676 1037 etsi
724 1010 871 1052 reapse
905 1010 993 1038 non
1028 995 1226 1051 existant,
1267 996 1349 1039 nisi
1383 1013 1458 1055 per
1501 999 1578 1041 im-

136 1063 377 1108 mediatam
412 1062 744 1120 dependentiam
780 1079 801 1106 a
833 1064 944 1108 facto
979 1064 1122 1123 aliquo
1158 1065 1366 1111 humano.

262 1135 458 1177 Iamvero
492 1151 542 1177 ex
563 1135 652 1178 istis
686 1135 1013 1179 accidentalibus
1038 1137 1351 1181 diversitatibus
1375 1139 1578 1183 oriuntur

136 1205 342 1264 specialia
375 1204 529 1258 officia,
562 1221 595 1248 e.
621 1221 661 1262 g.
686 1205 950 1250 obedientiae
984 1208 1108 1264 patri,
1129 1207 1434 1252 submissionis
1458 1211 1581 1267 prin-

143 1277 226 1335 cipi
260 1289 379 1320 etc.»
415 1301 473 1310 -
507 1277 568 1320 Ex
601 1277 780 1320 naturali
816 1290 959 1321 autem
996 1279 1154 1322 unitate
1204 1295 1278 1322 seu
1328 1280 1579 1338 aequalitate

137 1347 282 1392 oritur
316 1347 513 1404 generale
541 1346 731 1390 officium
758 1361 933 1392 mutuae
957 1348 1214 1394 dilectionis,
1240 1350 1461 1395 Habemus
1485 1368 1578 1396 om·

143 1433 220 1461 nes
249 1417 445 1461 eamdem
480 1430 677 1461 naturam
702 1418 949 1462 humanam:
974 1419 1079 1464 hanc
1114 1437 1218 1478 ergo
1243 1422 1352 1465 sicut
1375 1423 1418 1466 in
1441 1425 1578 1481 pretio

137 1488 351 1532 'habemus
370 1501 410 1532 et
427 1505 622 1532 amamus
641 1491 683 1533 in
702 1489 839 1548 nobis,
861 1491 915 1533 ita
935 1492 976 1533 in
996 1493 1133 1548 pretio
1153 1491 1385 1536 habeamus
1405 1506 1447 1537 et
1464 1511 1578 1539 ame-

146 1574 244 1603 mus
269 1560 311 1602 in
345 1559 455 1612 aliis,
480 1561 523 1602 in
549 1560 703 1618 quibus
728 1562 887 1605 scilicet
911 1578 1043 1620 aeque
1068 1579 1112 1606 ac
1137 1564 1178 1606 in
1201 1563 1328 1607 nobis
1361 1566 1471 1609 inest
1503 1567 1577 1623 (1).

137 1632 305 1675 ‘Sumus
340 1646 492 1674 omnes
525 1632 631 1674 socii
666 1631 744 1675 sub
779 1632 933 1676 eodem
970 1634 1197 1676 universali
1232 1637 1432 1679 omnium
1467 1639 1581 1695 prin-

146 1702 237 1760 cipe
269 1702 379 1745 Deo:
415 1702 518 1744 alter
553 1717 656 1758 ergo
692 1702 890 1760 alterum,
915 1716 959 1746 ut
993 1705 1136 1747 socios
1171 1704 1305 1760 decet,
1329 1722 1477 1750 amore
1500 1707 1578 1751 de·-

134 1773 231 1816 bito
266 1786 563 1830 prosequatur.
603 1774 764 1817 Sumus
802 1790 955 1818 omnes
1006 1777 1202 1819 conservi
1254 1777 1448 1822 eiusdem
1498 1796 1575 1823 su-

144 1846 282 1903 premi
316 1844 485 1888 domini
518 1846 616 1889 Dei:
650 1845 753 1888 alter
786 1861 892 1903 ergo
925 1846 1057 1903 alteri,
1091 1859 1137 1890 ut
1174 1864 1407 1893 conservos
1443 1851 1578 1908 decet,

142 1916 353 1960 auxilium
388 1915 506 1961 ferat.
541 1916 711 1961 Omnes
747 1934 797 1960 ex
831 1933 970 1975 aequo
1003 1919 1052 1962 ad
1089 1919 1235 1963 Deum
1270 1933 1490 1980 tamquam
1529 1922 1580 1966 ad

142 1987 277 2032 finem
311 1988 542 2031 tendimus:
578 1988 682 2031 alter
715 2004 819 2045 ergo
854 1990 1034 2032 alterum
1069 1989 1236 2034 honore
1270 1991 1439 2047 afficiat,
1472 2006 1580 2036 tam-

140 2075 274 2118 quam
297 2059 493 2104 eiusdem
527 2059 724 2103 sublimis
749 2059 1049 2104 destinationis
1084 2063 1356 2121 participem,
1381 2066 1504 2123 eique
1529 2065 1580 2109 ad

240 2279 294 2325 (1)
324 2294 341 2311 «
356 2281 448 2323 Hoc,
479 2282 526 2315 ita
553 2281 698 2316 Tullius
727 2280 771 2314 de
790 2279 852 2315 off.
872 2280 935 2315 ΙΙΙ.
957 2279 1002 2323 6.,
1023 2291 1147 2317 natura
1167 2283 1391 2328 praescribit,
1409 2293 1447 2318 ut
1466 2282 1581 2319 homo

141 2338 300 2382 homini,
327 2340 544 2386 quicumque
572 2342 630 2383 sit,
659 2341 698 2374 ob
727 2351 800 2374 eam
829 2341 943 2387 ¹ipsam
970 2352 1116 2384 causam,
1139 2342 1225 2388 quod
1252 2343 1280 2376 ῖς
1298 2343 1396 2377 homo
1422 2344 1476 2385 sit,
1497 2354 1583 2377 con-

143 2397 279 2433 sultum
307 2399 441 2434 velit.»
463 2420 506 2425 —
527 2401 571 2434 Et
589 2400 726 2435 Seneca
750 2400 792 2434 de
813 2399 930 2435 Clem.
949 2401 975 2435 Ι.
997 2401 1063 2443 18.,
1084 2402 1238 2448 loquens
1257 2402 1299 2436 de
1317 2403 1421 2437 servis
1438 2412 1579 2438 monet:

148 2457 241 2493 «Est
268 2466 390 2493 tamen
421 2459 568 2505 aliquid,
598 2459 694 2506 quod
722 2471 919 2494 commune
946 2460 999 2494 ius
1027 2461 1222 2496 hominum
1260 2471 1358 2497 vetet
1398 2462 1505 2498 licere
1543 2463 1581 2497 in

136 2515 258 2553 illum:
286 2528 339 2554 est
366 2518 462 2553 enim
491 2519 642 2553 eiusdem
670 2525 815 2554 naturae
842 2530 882 2554 ac
909 2529 946 2555 tu
963 2535 979 2551 »
