1737 2802
809 123 862 130 .-
903 110 1073 153 124-

227 196 397 250 fecerat,
433 207 576 237 tamen
609 194 708 251 quia
739 192 914 236 illustris
950 192 1099 251 populi
1128 193 1314 238 Romani
1348 205 1521 238 senator
1551 205 1653 248 erat,

227 267 390 311 colebat
423 265 542 324 quod
574 264 928 324 reprehendebat,
963 265 1111 322 agebat
1144 265 1261 323 quod
1294 264 1513 324 arguebat,
1535 265 1654 324 quod

227 337 420 396 culpabat
453 336 665 380 adorabat:
700 337 799 394 quia
847 335 1042 380 videlicet
1090 352 1297 394 magnum
1345 335 1506 395 aliquid
1551 352 1654 380 eum

226 409 501 468 philosophia
534 407 751 462 docuerat,
782 424 836 451 ne
868 408 1194 466 superstitiosus
1229 421 1340 452 esset
1383 408 1426 452 in
1469 407 1652 462 mundo,

226 481 300 525 sed
335 493 510 539 propter
544 480 660 538 leges
696 481 855 523 civium
889 496 1120 538 moresque
1154 480 1404 536 hominum,
1427 496 1517 524 non
1552 481 1654 540 qui-

227 553 324 596 dem
359 565 504 610 ageret
537 552 774 610 fingentem
798 553 1017 595 scenicum
1042 552 1085 594 in
1108 551 1292 609 theatro,
1314 552 1390 596 sed
1412 553 1654 596 imitaretur

226 626 268 667 in
317 623 496 681 templo:
546 639 597 666 eo
649 622 947 680 damnabilius,
984 639 1071 681 quo
1119 622 1187 666 illa
1234 639 1342 681 quae
1390 623 1654 668 mendaciter

225 696 388 755 agebat,
423 697 482 739 sic
515 709 672 753 ageret,
706 709 751 739 ut
785 711 884 739 eum
921 695 1106 754 populus
1148 696 1355 740 veraciter
1386 711 1513 754 agere
1559 697 1653 740 exi-

226 769 433 812 stimaret:
467 769 661 810 scenicus
696 780 841 810 autem
874 766 1062 810 ludendo
1085 768 1228 825 potius
1263 766 1490 811 delectaret
1520 783 1651 826 quam

224 839 410 883 fallendo
445 838 714 897 deciperet.»

345 911 532 967 Ergone,
568 911 718 968 quaeri
752 909 821 952 hic
854 922 1014 968 potest,
1048 909 1186 953 cultus
1210 909 1387 968 quilibet
1408 911 1652 968 imaginum

225 997 288 1027 est
322 983 524 1027 illicitus?
558 1008 613 1016 —
650 982 926 1040 Respondeo,
963 982 1125 1026 cultum
1159 981 1292 1026 dividi
1335 983 1378 1025 in
1419 982 1653 1027 absolutum

224 1067 266 1098 et
299 1055 532 1099 relativum.
567 1055 642 1098 Est
678 1054 914 1112 absolutus,
947 1053 1121 1112 quando
1155 1053 1313 1111 aliquid
1346 1053 1501 1097 colitur
1542 1069 1651 1112 pro-

224 1140 318 1184 pter
353 1126 647 1170 excellentiam
686 1138 726 1169 et
758 1126 1027 1169 sanctitatem
1061 1127 1097 1169 ei
1131 1126 1420 1171 intrinsecam:
1441 1138 1517 1170 -est
1549 1125 1654 1170 rela-

222 1200 356 1257 tivus,
374 1198 546 1257 quando
570 1197 729 1255 aliquid
751 1197 906 1241 colitur
929 1210 1105 1256 propter
1123 1196 1414 1241 excellentiam
1437 1210 1478 1241 et
1501 1199 1653 1242 sancti-

224 1284 372 1325 tatem,
407 1271 444 1314 ei
481 1270 662 1329 quidem
696 1270 999 1326 extrinsecam,
1023 1268 1099 1313 sed
1129 1269 1404 1313 intrinsecam
1437 1268 1569 1324 alteri,
1603 1269 1655 1314 ad

224 1343 343 1403 quod
376 1344 419 1386 in
452 1343 756 1386 aestimatione
790 1340 942 1384 morali
976 1340 1171 1385 refertur.
1205 1342 1345 1385 Porro
1378 1340 1532 1399 cultus,
1564 1342 1653 1386 sive

223 1414 443 1459 absolutus
477 1414 564 1457 sive
601 1414 818 1468 relativus,
853 1413 1151 1470 distinguitur,
1183 1425 1230 1456 ut
1261 1414 1347 1456 iam
1382 1413 1510 1472 paulo
1556 1427 1655 1458 ante

224 1487 510 1532 innuebamus
546 1487 622 1544 (1),
657 1488 699 1531 in
733 1488 920 1541 latriam,
962 1487 1136 1539 duliam,
1169 1486 1466 1546 hyperduliam.
1497 1487 1653 1546 Neque

224 1561 341 1604 enim
375 1559 686 1603 tantummodo
710 1560 856 1603 Deum
880 1558 1021 1603 colere
1046 1557 1267 1618 debemus,
1295 1558 1387 1617 sed,
1421 1559 1536 1604 cultu
1559 1561 1654 1618 qui-

222 1631 322 1675 dem
357 1648 378 1675 a
425 1632 544 1675 latria
592 1631 810 1688 distincto,
852 1632 982 1675 etiam
1030 1631 1194 1674 amicos
1227 1631 1327 1689 Dei,
1358 1631 1504 1690 quales
1551 1645 1653 1677 sunt

224 1705 387 1761 Sancti,
418 1705 617 1763 inprimis
652 1717 798 1749 autem
831 1705 966 1749 Maria
997 1705 1154 1762 Virgo,
1185 1704 1371 1762 Deipara
1415 1702 1652 1766 (θεοτόκος)

222 1791 269 1820 ac
301 1778 466 1834 Regina
499 1779 759 1822 Sanctorum
793 1777 868 1834 (2):
905 1776 1090 1820 colimus
1123 1776 1252 1820 etiam
1295 1776 1427 1834 cultu,
1460 1780 1534 1837 qui
1580 1778 1652 1823 di-

317 1980 371 2025 (1)
397 1979 489 2015 Vide
516 1991 636 2027 super.
655 1992 734 2027 pag.
768 1990 844 2022 ¹14·
871 1981 996 2015 adnot.
1024 1990 1058 2016 2.
1078 1999 1122 2007 —
1141 1979 1242 2015 Hanc
1270 1980 1398 2015 addam
1426 1982 1651 2017 animadver-

221 2041 374 2074 sionem.
401 2041 489 2075 Sunt
517 2039 693 2086 quaedam
719 2040 821 2086 signa
853 2049 1014 2082 externa,
1045 2051 1136 2086 quae
1163 2051 1206 2074 ex
1231 2039 1427 2075 universali
1453 2039 1648 2076 hominum

221 2099 385 2134 instituto
411 2099 649 2135 determinata
677 2109 759 2135 sunt
786 2099 830 2134 ad
868 2099 1148 2147 significandum
1188 2097 1327 2134 cultum
1368 2099 1522 2135 Latriae:
1562 2100 1650 2136 talia

219 2170 303 2195 sunt
329 2160 513 2203 sacrificia,
540 2160 662 2203 altare,
689 2159 883 2206 templum.
915 2160 995 2197 Alia
1023 2171 1109 2195 vero
1136 2159 1315 2193 exteriora
1343 2160 1446 2206 signa
1473 2171 1548 2195 non
1566 2169 1650 2196 sunt

219 2231 263 2255 eo
291 2229 396 2265 pacto
422 2220 660 2256 determinata
687 2220 729 2255 ad
758 2220 898 2256 cultum
927 2220 1066 2256 Latriae
1105 2218 1397 2265 exprimendum,
1423 2219 1485 2254 sed
1523 2231 1585 2266 per
1610 2231 1650 2256 se

218 2288 300 2314 sunt
326 2278 566 2315 indifferentia
595 2280 638 2314 ad
666 2279 804 2315 cultum
832 2279 975 2315 Latriae
1005 2279 1061 2314 vel
1079 2279 1212 2314 Duliae
1238 2278 1294 2313 vel
1322 2278 1511 2323 politicum
1538 2279 1651 2326 signi-

217 2337 412 2373 ficandum:
442 2350 472 2373 e.
500 2351 523 2385 g
559 2339 750 2374 inclinatio
779 2339 917 2385 capitis,
943 2338 1150 2385 genuflexio
1178 2346 1250 2373 etc.
1275 2337 1494 2373 Huiusmodi
1532 2339 1648 2384 signa,

219 2408 302 2432 cum
329 2409 392 2443 per
416 2409 453 2432 se
480 2398 758 2434 indeterminata
786 2399 869 2439 sint,
897 2398 940 2432 ad
967 2398 1063 2432 hunc
1098 2397 1220 2444 potius
1256 2408 1365 2444 quam
1406 2396 1510 2432 illum
1548 2397 1646 2432 inte-

218 2456 351 2492 riorem
379 2457 515 2492 cultum
543 2458 787 2493 exhibendum
816 2457 1105 2493 determinantur
1131 2458 1174 2492 ab
1202 2456 1404 2492 intentione
1430 2456 1582 2502 agentis.

315 2516 367 2561 (2)
394 2517 445 2551 Ex
465 2517 591 2563 quibus
612 2517 799 2553 manifeste
826 2526 920 2564 patet
943 2516 1080 2552 cultum
1099 2517 1318 2552 Sanctorum
1336 2526 1411 2550 non
1431 2526 1510 2550 esse
1527 2514 1646 2550 idolo-

217 2575 372 2612 latriam.
399 2575 566 2612 Colimus
592 2578 689 2611 enim
716 2578 882 2620 Sanaos,
908 2588 984 2611 non
1012 2585 1197 2624 tamquam
1223 2575 1325 2610 Deos
1347 2574 1402 2621 (et
1429 2575 1464 2609 in
1489 2574 1561 2610 hoc
1591 2582 1644 2610 est
