1737 2802
683 124 917 181 -87—

87 222 223 281 plum‚
267 219 519 278 regulariter
565 234 654 262 non
701 218 926 262 intercedit
968 219 1077 263 iuter
1125 219 1504 263 conservationem

89 294 216 337 unius
250 293 366 336 aurei
399 304 440 335 et
470 306 598 349 grave
631 291 897 348 aggressoris
930 289 1085 333 vulnus
1118 289 1184 332 vel
1217 305 1366 333 necem
1401 290 1488 346 (1).

196 361 250 421 δ)
283 364 400 407 Haec
431 375 590 415 autem,
623 377 730 420 quae
764 361 966 418 diximus,
989 376 1088 404 sane
1121 361 1262 404 valent
1281 361 1333 405 de
1358 362 1511 405 iniuria

79 435 258 494 formali
289 451 363 478 seu
389 434 440 477 de
463 448 717 490 aggressore
731 433 969 497 formaliter
992 433 1171 485 iniusto,
1198 433 1318 475 cuius
1354 447 1510 490 nempe

85 507 306 564 aggressio
340 507 393 549 sit
426 518 543 548 actus
578 504 806 558 humanus,
841 505 1110 548 voluntarius
1143 516 1185 547 et
1218 503 1336 547 liber.
1385 503 1509 557 Quid

87 591 247 633 autem,
281 592 473 636 quaeres,
507 576 781 619 sentiendum
815 589 877 619 est
912 576 962 620 de
996 576 1149 619 iniuria
1182 575 1407 627 materiali,
1435 589 1510 618 seu

87 649 138 694 de
170 665 439 708 aggressore,
473 661 573 707 puta
606 647 657 691 de
690 660 877 701 amente,
912 649 984 705 qui
1018 648 1203 691 iniustus
1229 646 1404 705 quidem
1428 657 1507 702 est,

87 721 160 766 sed
177 721 482 766 tantummodo
518 722 822 765 materialiter?
857 721 974 763 Haec
992 720 1152 763 scilicet
1171 734 1253 762 una
1273 731 1334 762 est
1354 735 1403 762 ex
1427 717 1515 761 illis

88 792 398 837 difficilioribus
432 793 769 851 quaestionibus,
802 792 852 836 de
886 791 1056 850 quibus,
1089 803 1135 834 ut
1170 791 1377 846 diximus,
1417 789 1514 833 data

89 878 217 922 opera
239 880 417 921 agemus
443 863 568 921 paulo
604 863 794 907 inferius.

206 940 235 987 ε)
272 935 335 978 Eo
370 934 545 978 tandem
579 948 718 992 pacto,
755 950 841 992 quo
876 946 998 992 potes
1033 934 1074 976 vi
1107 931 1290 976 adhibita
1314 933 1511 976 iniuriam

85 1023 108 1050 a
140 1019 180 1050 te
215 1005 434 1064 repellere,
468 1019 589 1064 potes
624 1007 752 1049 etiam
802 1005 997 1048 eamdem
1050 1004 1251 1062 repellere
1300 1021 1322 1047 a
1372 1004 1505 1047 socio.

86 1079 230 1122 Immo
263 1076 354 1120 fieri
389 1078 648 1135 quandoque
682 1090 838 1135 potest,
873 1089 917 1119 ut
951 1076 1000 1119 ad
1033 1076 1075 1119 id
1131 1075 1434 1134 praestandum
1467 1088 1508 1118 te

87 1148 248 1206 obliget
281 1150 441 1192 caritas.
476 1149 590 1191 Hinc
623 1164 655 1191 S.
690 1148 948 1191 Ambrosius
981 1148 1037 1206 (2)
1072 1148 1142 1191 ait:
1180 1164 1201 1184 <‹
1222 1147 1312 1197 Qui
1339 1161 1428 1189 non
1445 1161 1510 1189 re-

87 1219 204 1278 pellit
237 1220 440 1262 iniuriam
474 1236 495 1262 a
529 1220 664 1276 socio,
698 1235 793 1261 cum
832 1231 986 1277 potest,
1042 1231 1129 1261 tam
1180 1230 1242 1261 est
1291 1219 1331 1260 in
1384 1218 1507 1269 vitiO,

87 1307 213 1349 quam
250 1290 317 1334 ille
351 1293 424 1348 qui
459 1290 572 1334 facit,
593 1310 614 1331 »

205 1361 258 1404 ΙΙ.
294 1361 484 1414 Quando
519 1362 669 1404 iniuria
714 1362 797 1403 iam
847 1361 957 1404 illata
1007 1374 1069 1405 est
1118 1375 1158 1405 et
1193 1372 1509 1417 consummata,

30 1439 34 1442 ’
85 1445 189 1476 tunc
219 1431 303 1488 ille,
335 1432 407 1489 qui
442 1447 535 1475 eam
570 1448 718 1488 passus
752 1445 829 1489 est,
868 1433 938 1490 1.⁰)
986 1434 1051 1476 ius
1091 1432 1214 1476 habet
1258 1431 1454 1489 exigendi
1488 1448 1511 1475 a

83 1503 248 1547 laesore
283 1518 519 1560 congruam
556 1504 732 1546 iniuriae
767 1517 960 1561 acceptae
1015 1505 1344 1561 reparationem,
1395 1517 1510 1546 earn-

87 1590 168 1632 que
205 1576 280 1631 2.⁰)
313 1573 529 1631 exigendi,
562 1575 601 1617 vi
636 1576 762 1617 etiam
799 1574 972 1632 physica
1008 1576 1048 1617 in
1072 1574 1281 1618 laesorem
1306 1573 1509 1630 adhibita,

85 1647 119 1690 si
153 1645 314 1690 scilicet
348 1645 486 1689 laesor
519 1645 840 1702 obligationem,
867 1662 950 1704 qua
982 1658 1166 1702 tenetur,
1190 1646 1347 1689 illatam
1389 1661 1507 1703 repa-

93 1719 212 1763 randi
247 1719 445 1762 iniuriam
479 1718 588 1761 nolit
620 1732 773 1775 sponte
807 1719 997 1776 implere.
1052 1744 1108 1752 —-
1158 1720 1222 1762 De
1258 1718 1391 1762 modo
1425 1734 1508 1761 au-

85 1804 174 1835 tem
196 1792 283 1834 vim
310 1791 530 1849 physicam
555 1791 797 1848 adhibendi,
817 1803 964 1849 postea
998 1790 1207 1847 dicemus,
1247 1803 1392 1834 utrum
1411 1791 1508 1848 quis

85 1861 335 1908 immediate
364 1872 437 1920 per
467 1863 642 1921 seip5zmz
675 1878 871 1906 exercere
890 1878 982 1906 eam
1018 1865 1169 1920 possit,
1205 1879 1256 1906 an
1285 1878 1389 1906 vero
1413 1878 1510 1905 me-

86 1935 196 1979 diate
227 1943 296 1992 per
325 1934 482 1978 civilem
515 1937 810 1987 auctoritatem,
844 1936 926 1987 via,
964 1947 1008 1976 ut
1042 1936 1175 1991 aiunt,
1210 1934 1409 1978 iudiciali.

204 2006 303 2048 Dixi
344 2005 418 2061 1.⁰)
451 2021 566 2061 eum,
599 2006 669 2063 qui
706 2006 907 2048 iniuriam
943 2021 1092 2063 passus
1127 2018 1205 2062 est,
1241 2007 1306 2049 ius
1356 2005 1511 2050 habere

180 2224 234 2270 (1)
261 2225 354 2259 Hinc
381 2226 511 2260 merito
540 2226 582 2259 ab
611 2225 737 2261 Innoc.
768 2227 831 2261 XI.
857 2226 1025 2260 damnata
1065 2225 1131 2262 fuit
1169 2227 1256 2262 haec
1295 2227 1439 2274 proposi
1463 2229 1512 2262 io:

88 2298 104 2314 κ
125 2283 348 2329 Regulariter
377 2284 542 2318 occidere
563 2296 711 2330 possum
732 2284 846 2320 furem
867 2297 933 2330 pro
954 2288 1229 2322 conservatione
1253 2288 1358 2322 unius
1376 2287 1510 2322 aurei.»

179 2341 232 2386 (2)
260 2342 335 2376 Lib.
370 2353 394 2375 ι,
424 2342 466 2376 de
494 2342 557 2377 off.
587 2354 666 2389 cap.
701 2343 750 2386 36.
781 2345 815 2378 in
844 2345 956 2390 princ.
987 2346 1064 2380 Huc
1092 2347 1202 2380 etiam
1231 2346 1367 2382 faciunt
1394 2346 1514 2380 Inno-

85 2402 194 2445 centii
220 2400 271 2434 IV
302 2402 407 2436 verba
435 2402 546 2437 relata
574 2405 608 2436 in
638 2404 678 2439 C.
706 2404 849 2440 Dilecto
877 2404 908 2440 6.
927 2406 969 2439 de
987 2416 1076 2441 sent.
1097 2407 1367 2443 excommunic.
1388 2407 1421 2440 in
1442 2407 1519 2442 VL:

82 2470 105 2491 «
126 2459 219 2495 Cum
248 2459 354 2494 liceat
380 2460 523 2495 cuilibet
552 2473 616 2497 suo
643 2463 764 2497 vicino
792 2464 847 2498 vel
878 2465 1046 2509 proximo
1074 2477 1140 2511 pro
1169 2466 1374 2512 repellenda
1402 2467 1516 2511 ipsius

84 2517 214 2562 iniuria
241 2530 345 2553 suum
374 2520 548 2565 impertiri
575 2522 760 2562 auxilium,
787 2522 903 2558 immo
931 2525 958 2558 si
987 2535 1104 2571 potest
1132 2535 1164 2561 et
1194 2526 1358 2573 negligit,
1387 2528 1515 2561 videa-

84 2585 142 2611 tur
167 2577 396 2613 iniuriantem
426 2578 560 2624 fovere,
587 2591 621 2616 et
647 2593 726 2616 es‹e
753 2584 931 2632 particeps
959 2584 1119 2621 eiusdem
1149 2587 1278 2632 culpae
1305 2595 1359 2622 etc
1384 2599 1405 2620 ›>
