<?xml version="1.0" encoding="UTF-8"?>
<!DOCTYPE html PUBLIC "-//W3C//DTD XHTML 1.0 Transitional//EN"
    "http://www.w3.org/TR/xhtml1/DTD/xhtml1-transitional.dtd">
<html xmlns="http://www.w3.org/1999/xhtml" xml:lang="en" lang="en">
 <head>
  <title>
</title>
<meta http-equiv="Content-Type" content="text/html;charset=utf-8" />
  <meta name='ocr-system' content='tesseract 3.04.00' />
  <meta name='ocr-capabilities' content='ocr_page ocr_carea ocr_par ocr_line ocrx_word'/>
</head>
<body>
  <div class='ocr_page' id='page_1' title='image "./institutionesphi02ferr_0254.png"; bbox 0 0 1737 2802; ppageno 0'>
   <div class='ocr_carea' id='block_1_1' title="bbox 183 191 1617 465">
    <p class='ocr_par' dir='ltr' id='par_1_1' title="bbox 183 191 1617 465">
     <span class='ocr_line' id='line_1_1' title="bbox 306 191 1617 252; baseline 0.002 -17"><span class='ocrx_word' id='word_1_1' title='bbox 306 207 372 248; x_wconf 83' lang='lat'><em>70.</em></span> <span class='ocrx_word' id='word_1_2' title='bbox 409 193 470 235; x_wconf 78' lang='lat' dir='ltr'><em>En</em></span> <span class='ocrx_word' id='word_1_3' title='bbox 506 193 636 250; x_wconf 81' lang='lat' dir='ltr'><em>igitur</em></span> <span class='ocrx_word' id='word_1_4' title='bbox 668 191 800 236; x_wconf 72' lang='lat' dir='ltr'><em>facilis</em></span> <span class='ocrx_word' id='word_1_5' title='bbox 835 206 875 236; x_wconf 87' lang='lat' dir='ltr'><em>et</em></span> <span class='ocrx_word' id='word_1_6' title='bbox 914 192 1049 237; x_wconf 75' lang='lat' dir='ltr'><em>clarus</em></span> <span class='ocrx_word' id='word_1_7' title='bbox 1100 194 1226 250; x_wconf 84' lang='lat' dir='ltr'>ordo,</span> <span class='ocrx_word' id='word_1_8' title='bbox 1261 209 1392 252; x_wconf 83' lang='lat' dir='ltr'><em>quem</em></span> <span class='ocrx_word' id='word_1_9' title='bbox 1440 195 1483 237; x_wconf 90' lang='lat' dir='ltr'><em>in</em></span> <span class='ocrx_word' id='word_1_10' title='bbox 1534 192 1617 237; x_wconf 89' lang='lat' dir='ltr'><em>hoc</em></span> 
     </span>
     <span class='ocr_line' id='line_1_2' title="bbox 183 264 1614 323; baseline 0.001 -15"><span class='ocrx_word' id='word_1_11' title='bbox 183 264 363 308; x_wconf 67' lang='lat' dir='ltr'><em>articulo</em></span> <span class='ocrx_word' id='word_1_12' title='bbox 397 279 642 322; x_wconf 80' lang='lat' dir='ltr'><em>sequemur.</em></span> <span class='ocrx_word' id='word_1_13' title='bbox 677 266 871 322; x_wconf 83' lang='lat' dir='ltr'><em>Agemus</em></span> <span class='ocrx_word' id='word_1_14' title='bbox 907 290 963 298; x_wconf 91' lang='lat'>—</span> <span class='ocrx_word' id='word_1_15' title='bbox 984 266 1131 323; x_wconf 82' lang='lat' dir='ltr'><em>primo,</em></span> <span class='ocrx_word' id='word_1_16' title='bbox 1165 264 1216 309; x_wconf 91' lang='lat' dir='ltr'><em>de</em></span> <span class='ocrx_word' id='word_1_17' title='bbox 1250 264 1393 309; x_wconf 86' lang='lat' dir='ltr'><em>officio</em></span> <span class='ocrx_word' id='word_1_18' title='bbox 1426 279 1514 309; x_wconf 89' lang='lat' dir='ltr'><em>non</em></span> <span class='ocrx_word' id='word_1_19' title='bbox 1536 280 1614 309; x_wconf 89' lang='lat' dir='ltr'><em>no-</em></span> 
     </span>
     <span class='ocr_line' id='line_1_3' title="bbox 183 334 1616 394; baseline -0.001 -14"><span class='ocrx_word' id='word_1_20' title='bbox 183 336 303 380; x_wconf 70' lang='lat' dir='ltr'><em>cendi</em></span> <span class='ocrx_word' id='word_1_21' title='bbox 338 336 544 394; x_wconf 84' lang='lat' dir='ltr'><em>proximo</em></span> <span class='ocrx_word' id='word_1_22' title='bbox 579 337 619 378; x_wconf 87' lang='lat' dir='ltr'><em>in</em></span> <span class='ocrx_word' id='word_1_23' title='bbox 654 335 778 379; x_wconf 81' lang='lat' dir='ltr'>bonis</span> <span class='ocrx_word' id='word_1_24' title='bbox 812 337 900 379; x_wconf 80' lang='lat' dir='ltr'><em>suis</em></span> <span class='ocrx_word' id='word_1_25' title='bbox 935 362 990 369; x_wconf 94' lang='lat'><strong>—</strong></span> <span class='ocrx_word' id='word_1_26' title='bbox 1025 336 1207 391; x_wconf 76' lang='lat' dir='ltr'><em>secundo,</em></span> <span class='ocrx_word' id='word_1_27' title='bbox 1242 337 1293 381; x_wconf 89' lang='lat' dir='ltr'><em>de</em></span> <span class='ocrx_word' id='word_1_28' title='bbox 1332 335 1476 381; x_wconf 83' lang='lat' dir='ltr'>officio</span> <span class='ocrx_word' id='word_1_29' title='bbox 1510 334 1616 390; x_wconf 49' lang='lat' dir='ltr'><strong>sub,-</strong></span> 
     </span>
     <span class='ocr_line' id='line_1_4' title="bbox 183 406 1060 465; baseline 0.001 -15"><span class='ocrx_word' id='word_1_30' title='bbox 183 407 381 451; x_wconf 74' lang='lat' dir='ltr'><em>veniendi</em></span> <span class='ocrx_word' id='word_1_31' title='bbox 416 408 617 465; x_wconf 80' lang='lat' dir='ltr'><em>proximo</em></span> <span class='ocrx_word' id='word_1_32' title='bbox 652 424 701 451; x_wconf 82' lang='lat' dir='ltr'><em>ex</em></span> <span class='ocrx_word' id='word_1_33' title='bbox 734 406 856 450; x_wconf 82' lang='lat' dir='ltr'>bonis</span> <span class='ocrx_word' id='word_1_34' title='bbox 886 409 1060 451; x_wconf 82' lang='lat' dir='ltr'><strong>nostris.</strong></span> 
     </span>
    </p>
   </div>
   <div class='ocr_carea' id='block_1_2' title="bbox 270 611 1532 656">
    <p class='ocr_par' dir='ltr' id='par_1_2' title="bbox 270 611 1532 656">
     <span class='ocr_line' id='line_1_5' title="bbox 270 611 1532 656; baseline 0.005 -11"><span class='ocrx_word' id='word_1_35' title='bbox 270 611 300 656; x_wconf 61' lang='lat' dir='ltr'>S</span> <span class='ocrx_word' id='word_1_36' title='bbox 326 622 352 645; x_wconf 91' lang='lat'><em>1.</em></span> <span class='ocrx_word' id='word_1_37' title='bbox 381 611 440 645; x_wconf 88' lang='lat' dir='ltr'><em>De</em></span> <span class='ocrx_word' id='word_1_38' title='bbox 467 611 604 646; x_wconf 88' lang='lat' dir='ltr'>officio</span> <span class='ocrx_word' id='word_1_39' title='bbox 631 621 715 646; x_wconf 89' lang='lat' dir='ltr'><em>non</em></span> <span class='ocrx_word' id='word_1_40' title='bbox 740 611 932 646; x_wconf 85' lang='lat' dir='ltr'><em>laedendi</em></span> <span class='ocrx_word' id='word_1_41' title='bbox 960 613 1190 656; x_wconf 86' lang='lat' dir='ltr'><em>proximum</em></span> <span class='ocrx_word' id='word_1_42' title='bbox 1218 614 1261 647; x_wconf 86' lang='lat' dir='ltr'><em>in</em></span> <span class='ocrx_word' id='word_1_43' title='bbox 1286 613 1407 648; x_wconf 85' lang='lat' dir='ltr'>bonis</span> <span class='ocrx_word' id='word_1_44' title='bbox 1433 616 1532 651; x_wconf 90' lang='lat' dir='ltr'>suis.</span> 
     </span>
    </p>
   </div>
   <div class='ocr_carea' id='block_1_3' title="bbox 181 763 1654 1252">
    <p class='ocr_par' dir='ltr' id='par_1_3' title="bbox 181 763 1654 1252">
     <span class='ocr_line' id='line_1_6' title="bbox 305 763 1654 826; baseline 0.003 -19"><span class='ocrx_word' id='word_1_45' title='bbox 305 778 371 819; x_wconf 88' lang='lat'><em>71.</em></span> <span class='ocrx_word' id='word_1_46' title='bbox 408 764 545 807; x_wconf 79' lang='lat' dir='ltr'>Multa</span> <span class='ocrx_word' id='word_1_47' title='bbox 578 777 677 807; x_wconf 76' lang='lat' dir='ltr'>sunt</span> <span class='ocrx_word' id='word_1_48' title='bbox 713 763 838 820; x_wconf 77' lang='lat' dir='ltr'>bona,</span> <span class='ocrx_word' id='word_1_49' title='bbox 872 780 979 822; x_wconf 72' lang='lat' dir='ltr'><em>quae</em></span> <span class='ocrx_word' id='word_1_50' title='bbox 1013 763 1148 808; x_wconf 85' lang='lat' dir='ltr'><em>homo</em></span> <span class='ocrx_word' id='word_1_51' title='bbox 1183 765 1375 822; x_wconf 80' lang='lat' dir='ltr'><strong>possidet</strong></span> <span class='ocrx_word' id='word_1_52' title='bbox 1424 779 1464 810; x_wconf 90' lang='lat' dir='ltr'><em>et</em></span> <span class='ocrx_word' id='word_1_53' title='bbox 1507 782 1616 826; x_wconf 83' lang='lat' dir='ltr'><em>pos-</em></span> <span class='ocrx_word' id='word_1_54' title='bbox 1650 786 1654 790; x_wconf 79' lang='grc'><strong>’</strong></span> 
     </span>
     <span class='ocr_line' id='line_1_7' title="bbox 184 835 1617 894; baseline 0.004 -17"><span class='ocrx_word' id='word_1_55' title='bbox 184 835 367 878; x_wconf 77' lang='lat' dir='ltr'><em>sidcndo</em></span> <span class='ocrx_word' id='word_1_56' title='bbox 401 848 511 878; x_wconf 71' lang='lat' dir='ltr'><em>amat</em></span> <span class='ocrx_word' id='word_1_57' title='bbox 539 849 582 878; x_wconf 80' lang='lat' dir='ltr'><em>ut</em></span> <span class='ocrx_word' id='word_1_58' title='bbox 606 851 680 878; x_wconf 75' lang='lat' dir='ltr'><em>sua</em></span> <span class='ocrx_word' id='word_1_59' title='bbox 719 840 793 893; x_wconf 59' lang='grc' dir='ltr'><em>(Ἰ),</em></span> <span class='ocrx_word' id='word_1_60' title='bbox 819 849 1021 894; x_wconf 83' lang='lat' dir='ltr'>cavetque</span> <span class='ocrx_word' id='word_1_61' title='bbox 1045 851 1096 880; x_wconf 83' lang='lat' dir='ltr'><em>ne</em></span> <span class='ocrx_word' id='word_1_62' title='bbox 1130 837 1294 880; x_wconf 81' lang='lat' dir='ltr'><em>amittat</em></span> <span class='ocrx_word' id='word_1_63' title='bbox 1328 850 1369 881; x_wconf 89' lang='lat' dir='ltr'><em>et</em></span> <span class='ocrx_word' id='word_1_64' title='bbox 1391 839 1426 881; x_wconf 83' lang='lat' dir='ltr'><em>si</em></span> <span class='ocrx_word' id='word_1_65' title='bbox 1461 839 1617 883; x_wconf 86' lang='lat' dir='ltr'><em>amittit</em></span> 
     </span>
     <span class='ocr_line' id='line_1_8' title="bbox 184 907 1615 967; baseline 0.004 -18"><span class='ocrx_word' id='word_1_66' title='bbox 184 908 391 964; x_wconf 77' lang='lat' dir='ltr'><em>tristatur,</em></span> <span class='ocrx_word' id='word_1_67' title='bbox 424 909 681 950; x_wconf 73' lang='lat' dir='ltr'><em>nominatim</em></span> <span class='ocrx_word' id='word_1_68' title='bbox 716 923 819 951; x_wconf 79' lang='lat' dir='ltr'><em>vero</em></span> <span class='ocrx_word' id='word_1_69' title='bbox 854 907 956 951; x_wconf 78' lang='lat' dir='ltr'><em>haec</em></span> <span class='ocrx_word' id='word_1_70' title='bbox 994 909 1084 952; x_wconf 81' lang='lat' dir='ltr'><em>tria:</em></span> <span class='ocrx_word' id='word_1_71' title='bbox 1119 908 1331 967; x_wconf 87' lang='lat' dir='ltr'><em>videlicet,</em></span> <span class='ocrx_word' id='word_1_72' title='bbox 1363 908 1474 954; x_wconf 86' lang='lat' dir='ltr'><em>bona</em></span> <span class='ocrx_word' id='word_1_73' title='bbox 1505 911 1615 955; x_wconf 87' lang='lat' dir='ltr'><em>vitae</em></span> 
     </span>
     <span class='ocr_line' id='line_1_9' title="bbox 186 977 1617 1035; baseline 0.003 -15"><span class='ocrx_word' id='word_1_74' title='bbox 186 990 225 1021; x_wconf 88' lang='lat' dir='ltr'><em>et</em></span> <span class='ocrx_word' id='word_1_75' title='bbox 260 979 468 1035; x_wconf 78' lang='lat' dir='ltr'><em>corporis,</em></span> <span class='ocrx_word' id='word_1_76' title='bbox 502 977 689 1032; x_wconf 75' lang='lat' dir='ltr'><em>divitiae,</em></span> <span class='ocrx_word' id='word_1_77' title='bbox 723 978 834 1022; x_wconf 82' lang='lat' dir='ltr'><em>bona</em></span> <span class='ocrx_word' id='word_1_78' title='bbox 868 978 1002 1022; x_wconf 73' lang='lat' dir='ltr'><em>famae</em></span> <span class='ocrx_word' id='word_1_79' title='bbox 1037 992 1076 1023; x_wconf 85' lang='lat' dir='ltr'><em>et</em></span> <span class='ocrx_word' id='word_1_80' title='bbox 1110 980 1304 1025; x_wconf 83' lang='lat' dir='ltr'>honoris.</span> <span class='ocrx_word' id='word_1_81' title='bbox 1356 981 1504 1035; x_wconf 82' lang='lat' dir='ltr'><strong>Quare</strong></span> <span class='ocrx_word' id='word_1_82' title='bbox 1538 981 1617 1025; x_wconf 86' lang='lat' dir='ltr'><em>hac</em></span> 
     </span>
     <span class='ocr_line' id='line_1_10' title="bbox 185 1050 1615 1109; baseline 0.003 -17"><span class='ocrx_word' id='word_1_83' title='bbox 185 1050 227 1092; x_wconf 82' lang='lat' dir='ltr'><em>in</em></span> <span class='ocrx_word' id='word_1_84' title='bbox 263 1050 530 1108; x_wconf 73' lang='lat' dir='ltr'>paragrapho</span> <span class='ocrx_word' id='word_1_85' title='bbox 565 1050 614 1093; x_wconf 88' lang='lat' dir='ltr'><em>de</em></span> <span class='ocrx_word' id='word_1_86' title='bbox 650 1050 782 1093; x_wconf 85' lang='lat' dir='ltr'><em>tribus</em></span> <span class='ocrx_word' id='word_1_87' title='bbox 818 1050 934 1094; x_wconf 82' lang='lat' dir='ltr'><em>hisce</em></span> <span class='ocrx_word' id='word_1_88' title='bbox 967 1064 1030 1095; x_wconf 83' lang='lat' dir='ltr'><em>est</em></span> <span class='ocrx_word' id='word_1_89' title='bbox 1068 1050 1192 1095; x_wconf 78' lang='lat' dir='ltr'>nobis</span> <span class='ocrx_word' id='word_1_90' title='bbox 1241 1064 1433 1096; x_wconf 85' lang='lat' dir='ltr'><em>accurate</em></span> <span class='ocrx_word' id='word_1_91' title='bbox 1480 1067 1615 1109; x_wconf 85' lang='lat' dir='ltr'><em>agen-</em></span> 
     </span>
     <span class='ocr_line' id='line_1_11' title="bbox 186 1120 1612 1181; baseline 0.002 -17"><span class='ocrx_word' id='word_1_92' title='bbox 186 1120 308 1178; x_wconf 83' lang='lat' dir='ltr'><em>dum,</em></span> <span class='ocrx_word' id='word_1_93' title='bbox 334 1138 488 1180; x_wconf 80' lang='lat' dir='ltr'><em>nempe</em></span> <span class='ocrx_word' id='word_1_94' title='bbox 524 1122 573 1165; x_wconf 90' lang='lat' dir='ltr'><em>de</em></span> <span class='ocrx_word' id='word_1_95' title='bbox 609 1124 807 1180; x_wconf 79' lang='lat' dir='ltr'><em>proximo</em></span> <span class='ocrx_word' id='word_1_96' title='bbox 842 1138 930 1166; x_wconf 84' lang='lat' dir='ltr'><em>non</em></span> <span class='ocrx_word' id='word_1_97' title='bbox 964 1122 1245 1181; x_wconf 78' lang='lat' dir='ltr'><em>exspoliando</em></span> <span class='ocrx_word' id='word_1_98' title='bbox 1270 1150 1324 1156; x_wconf 91' lang='lat'><em>--</em></span> <span class='ocrx_word' id='word_1_99' title='bbox 1348 1123 1471 1167; x_wconf 87' lang='lat' dir='ltr'>bonis</span> <span class='ocrx_word' id='word_1_100' title='bbox 1503 1124 1612 1168; x_wconf 82' lang='lat' dir='ltr'><em>vitae</em></span> 
     </span>
     <span class='ocr_line' id='line_1_12' title="bbox 181 1194 1450 1252; baseline 0.003 -16"><span class='ocrx_word' id='word_1_101' title='bbox 181 1206 225 1237; x_wconf 86' lang='lat' dir='ltr'><em>et</em></span> <span class='ocrx_word' id='word_1_102' title='bbox 259 1195 450 1252; x_wconf 80' lang='lat' dir='ltr'><em>corporis</em></span> <span class='ocrx_word' id='word_1_103' title='bbox 484 1219 539 1227; x_wconf 88' lang='lat'><strong>—</strong></span> <span class='ocrx_word' id='word_1_104' title='bbox 575 1194 733 1238; x_wconf 80' lang='lat' dir='ltr'><em>divitiis</em></span> <span class='ocrx_word' id='word_1_105' title='bbox 767 1219 826 1227; x_wconf 86' lang='lat'><em>—-·</em></span> <span class='ocrx_word' id='word_1_106' title='bbox 859 1195 980 1239; x_wconf 81' lang='lat' dir='ltr'>bonis</span> <span class='ocrx_word' id='word_1_107' title='bbox 1014 1194 1149 1239; x_wconf 80' lang='lat' dir='ltr'><em>famae</em></span> <span class='ocrx_word' id='word_1_108' title='bbox 1183 1207 1223 1239; x_wconf 90' lang='lat' dir='ltr'><em>et</em></span> <span class='ocrx_word' id='word_1_109' title='bbox 1258 1195 1450 1240; x_wconf 87' lang='lat' dir='ltr'>honoris.</span> 
     </span>
    </p>
   </div>
   <div class='ocr_carea' id='block_1_4' title="bbox 241 1398 1566 1443">
    <p class='ocr_par' dir='ltr' id='par_1_4' title="bbox 241 1398 1566 1443">
     <span class='ocr_line' id='line_1_13' title="bbox 241 1398 1566 1443; baseline 0.004 -13"><span class='ocrx_word' id='word_1_110' title='bbox 241 1398 275 1442; x_wconf 59' lang='grc' dir='ltr'><em>α)</em></span> <span class='ocrx_word' id='word_1_111' title='bbox 303 1398 363 1432; x_wconf 90' lang='lat' dir='ltr'><em>De</em></span> <span class='ocrx_word' id='word_1_112' title='bbox 388 1407 473 1433; x_wconf 87' lang='lat' dir='ltr'><em>non</em></span> <span class='ocrx_word' id='word_1_113' title='bbox 500 1398 702 1432; x_wconf 85' lang='lat' dir='ltr'><em>laedendo</em></span> <span class='ocrx_word' id='word_1_114' title='bbox 729 1398 919 1441; x_wconf 87' lang='lat' dir='ltr'><em>proximo</em></span> <span class='ocrx_word' id='word_1_115' title='bbox 945 1398 988 1432; x_wconf 91' lang='lat' dir='ltr'><em>in</em></span> <span class='ocrx_word' id='word_1_116' title='bbox 1014 1398 1134 1433; x_wconf 82' lang='lat' dir='ltr'>bonis</span> <span class='ocrx_word' id='word_1_117' title='bbox 1161 1399 1274 1433; x_wconf 85' lang='lat' dir='ltr'><em>vitae</em></span> <span class='ocrx_word' id='word_1_118' title='bbox 1301 1399 1342 1433; x_wconf 83' lang='lat' dir='ltr'><em>et</em></span> <span class='ocrx_word' id='word_1_119' title='bbox 1369 1399 1566 1443; x_wconf 84' lang='lat' dir='ltr'><strong>corporis.</strong></span> 
     </span>
    </p>
   </div>
   <div class='ocr_carea' id='block_1_5' title="bbox 722 1622 1068 1667">
    <p class='ocr_par' dir='ltr' id='par_1_5' title="bbox 722 1622 1068 1667">
     <span class='ocr_line' id='line_1_14' title="bbox 722 1622 1068 1667; baseline 0.003 -1"><span class='ocrx_word' id='word_1_120' title='bbox 722 1622 890 1666; x_wconf 79' lang='lat' dir='ltr'>THES1S</span> <span class='ocrx_word' id='word_1_121' title='bbox 925 1624 1068 1667; x_wconf 91' lang='lat' dir='ltr'>XXII.</span> 
     </span>
    </p>
   </div>
   <div class='ocr_carea' id='block_1_6' title="bbox 184 1750 1615 2170">
    <p class='ocr_par' dir='ltr' id='par_1_6' title="bbox 184 1750 1615 2170">
     <span class='ocr_line' id='line_1_15' title="bbox 184 1750 1613 1812; baseline 0.002 -17"><span class='ocrx_word' id='word_1_122' title='bbox 184 1752 216 1795; x_wconf 91' lang='lat' dir='ltr'><em>I.</em></span> <span class='ocrx_word' id='word_1_123' title='bbox 255 1750 408 1796; x_wconf 83' lang='lat' dir='ltr'><em>Occisio</em></span> <span class='ocrx_word' id='word_1_124' title='bbox 431 1751 601 1796; x_wconf 80' lang='lat' dir='ltr'><em>alterius</em></span> <span class='ocrx_word' id='word_1_125' title='bbox 615 1753 735 1811; x_wconf 83' lang='lat' dir='ltr'><em>facta</em></span> <span class='ocrx_word' id='word_1_126' title='bbox 758 1768 806 1797; x_wconf 87' lang='lat' dir='ltr'><em>ex</em></span> <span class='ocrx_word' id='word_1_127' title='bbox 822 1754 990 1812; x_wconf 72' lang='lat' dir='ltr'><em>privata</em></span> <span class='ocrx_word' id='word_1_128' title='bbox 1013 1754 1253 1798; x_wconf 82' lang='lat' dir='ltr'><em>anctoritate</em></span> <span class='ocrx_word' id='word_1_129' title='bbox 1276 1763 1311 1797; x_wconf 85' lang='lat' dir='ltr'><em>et</em></span> <span class='ocrx_word' id='word_1_130' title='bbox 1331 1762 1450 1798; x_wconf 83' lang='lat' dir='ltr'><em>extra</em></span> <span class='ocrx_word' id='word_1_131' title='bbox 1470 1769 1613 1799; x_wconf 84' lang='lat' dir='ltr'><em>casum</em></span> 
     </span>
     <span class='ocr_line' id='line_1_16' title="bbox 302 1824 1613 1884; baseline 0.002 -16"><span class='ocrx_word' id='word_1_132' title='bbox 302 1826 548 1869; x_wconf 78' lang='lat' dir='ltr'><em>necessariae</em></span> <span class='ocrx_word' id='word_1_133' title='bbox 582 1824 827 1884; x_wconf 83' lang='lat' dir='ltr'><em>defensionis</em></span> <span class='ocrx_word' id='word_1_134' title='bbox 860 1834 997 1870; x_wconf 83' lang='lat' dir='ltr'><em>contra</em></span> <span class='ocrx_word' id='word_1_135' title='bbox 1020 1827 1220 1870; x_wconf 78' lang='lat' dir='ltr'><em>iniustum</em></span> <span class='ocrx_word' id='word_1_136' title='bbox 1242 1841 1530 1884; x_wconf 82' lang='lat' dir='ltr'><em>aggressorem,</em></span> <span class='ocrx_word' id='word_1_137' title='bbox 1555 1836 1613 1871; x_wconf 83' lang='lat' dir='ltr'><em>est</em></span> 
     </span>
     <span class='ocr_line' id='line_1_17' title="bbox 302 1897 1615 1956; baseline 0.002 -17"><span class='ocrx_word' id='word_1_138' title='bbox 302 1904 399 1940; x_wconf 82' lang='lat' dir='ltr'><em>certe</em></span> <span class='ocrx_word' id='word_1_139' title='bbox 430 1897 586 1941; x_wconf 80' lang='lat' dir='ltr'><em>illicita.</em></span> <span class='ocrx_word' id='word_1_140' title='bbox 619 1898 674 1941; x_wconf 92' lang='lat' dir='ltr'><em>II.</em></span> <span class='ocrx_word' id='word_1_141' title='bbox 709 1898 760 1941; x_wconf 93' lang='lat' dir='ltr'><em>In</em></span> <span class='ocrx_word' id='word_1_142' title='bbox 792 1911 888 1942; x_wconf 76' lang='lat' dir='ltr'><em>casu</em></span> <span class='ocrx_word' id='word_1_143' title='bbox 920 1906 1057 1941; x_wconf 78' lang='lat' dir='ltr'><em>autem</em></span> <span class='ocrx_word' id='word_1_144' title='bbox 1089 1898 1337 1942; x_wconf 82' lang='lat' dir='ltr'><em>necessariae</em></span> <span class='ocrx_word' id='word_1_145' title='bbox 1378 1897 1615 1956; x_wconf 79' lang='lat' dir='ltr'><em>defensionis</em></span> 
     </span>
     <span class='ocr_line' id='line_1_18' title="bbox 302 1968 1612 2028; baseline 0 -16"><span class='ocrx_word' id='word_1_146' title='bbox 302 1977 443 2013; x_wconf 86' lang='lat' dir='ltr'><em>contra</em></span> <span class='ocrx_word' id='word_1_147' title='bbox 492 1970 695 2013; x_wconf 75' lang='lat' dir='ltr'><em>iniustam</em></span> <span class='ocrx_word' id='word_1_148' title='bbox 741 1971 848 2013; x_wconf 80' lang='lat' dir='ltr'><em>vitae</em></span> <span class='ocrx_word' id='word_1_149' title='bbox 895 1984 1178 2028; x_wconf 79' lang='lat' dir='ltr'><em>aggressorem‚</em></span> <span class='ocrx_word' id='word_1_150' title='bbox 1211 1968 1369 2014; x_wconf 82' lang='lat' dir='ltr'><em>licitum</em></span> <span class='ocrx_word' id='word_1_151' title='bbox 1399 1983 1496 2013; x_wconf 86' lang='lat' dir='ltr'><em>sane</em></span> <span class='ocrx_word' id='word_1_152' title='bbox 1543 1977 1612 2022; x_wconf 87' lang='lat' dir='ltr'><em>est,</em></span> 
     </span>
     <span class='ocr_line' id='line_1_19' title="bbox 302 2040 1612 2099; baseline 0 -16"><span class='ocrx_word' id='word_1_153' title='bbox 302 2041 425 2083; x_wconf 80' lang='lat' dir='ltr'><em>etiam</em></span> <span class='ocrx_word' id='word_1_154' title='bbox 456 2055 545 2084; x_wconf 83' lang='lat' dir='ltr'><em>cum</em></span> <span class='ocrx_word' id='word_1_155' title='bbox 579 2041 709 2098; x_wconf 80' lang='lat' dir='ltr'><em>ipsius</em></span> <span class='ocrx_word' id='word_1_156' title='bbox 742 2056 845 2094; x_wconf 82' lang='lat' dir='ltr'><em>nece,</em></span> <span class='ocrx_word' id='word_1_157' title='bbox 879 2042 1096 2099; x_wconf 85' lang='lat' dir='ltr'><em>propriam</em></span> <span class='ocrx_word' id='word_1_158' title='bbox 1129 2040 1237 2084; x_wconf 83' lang='lat' dir='ltr'><em>tueri</em></span> <span class='ocrx_word' id='word_1_159' title='bbox 1267 2041 1416 2095; x_wconf 84' lang='lat' dir='ltr'><em>vitam,</em></span> <span class='ocrx_word' id='word_1_160' title='bbox 1451 2048 1612 2084; x_wconf 84' lang='lat' dir='ltr'><em>servato</em></span> 
     </span>
     <span class='ocr_line' id='line_1_20' title="bbox 303 2110 1195 2170; baseline 0 -16"><span class='ocrx_word' id='word_1_161' title='bbox 303 2120 436 2155; x_wconf 86' lang='lat' dir='ltr'><em>tamen</em></span> <span class='ocrx_word' id='word_1_162' title='bbox 469 2110 742 2155; x_wconf 85' lang='lat' dir='ltr'><em>moderamine</em></span> <span class='ocrx_word' id='word_1_163' title='bbox 769 2111 1001 2170; x_wconf 76' lang='lat' dir='ltr'><em>inculpatae</em></span> <span class='ocrx_word' id='word_1_164' title='bbox 1036 2111 1195 2155; x_wconf 83' lang='lat' dir='ltr'><em>tutelae.</em></span> 
     </span>
    </p>
   </div>
   <div class='ocr_carea' id='block_1_7' title="bbox 180 2202 1613 2394">
    <p class='ocr_par' dir='ltr' id='par_1_7' title="bbox 180 2202 1613 2394">
     <span class='ocr_line' id='line_1_21' title="bbox 303 2202 1613 2262; baseline -0.002 -13"><span class='ocrx_word' id='word_1_165' title='bbox 303 2219 373 2261; x_wconf 83' lang='lat'><em>72.</em></span> <span class='ocrx_word' id='word_1_166' title='bbox 407 2206 788 2249; x_wconf 78' lang='lat' dir='ltr'>DEMONSTRATlo.</span> <span class='ocrx_word' id='word_1_167' title='bbox 818 2205 866 2248; x_wconf 91' lang='lat' dir='ltr'><em>In</em></span> <span class='ocrx_word' id='word_1_168' title='bbox 899 2203 1009 2247; x_wconf 87' lang='lat' dir='ltr'><em>thesi</em></span> <span class='ocrx_word' id='word_1_169' title='bbox 1041 2202 1323 2262; x_wconf 81' lang='lat' dir='ltr'><em>praecedente</em></span> <span class='ocrx_word' id='word_1_170' title='bbox 1356 2203 1526 2261; x_wconf 83' lang='lat' dir='ltr'><em>egimus</em></span> <span class='ocrx_word' id='word_1_171' title='bbox 1561 2202 1613 2247; x_wconf 90' lang='lat' dir='ltr'><em>de</em></span> 
     </span>
     <span class='ocr_line' id='line_1_22' title="bbox 180 2274 1611 2336; baseline -0.001 -16"><span class='ocrx_word' id='word_1_172' title='bbox 180 2277 400 2321; x_wconf 83' lang='lat' dir='ltr'><em>occisione</em></span> <span class='ocrx_word' id='word_1_173' title='bbox 433 2279 637 2336; x_wconf 75' lang='lat' dir='ltr'><em>suiipsius:</em></span> <span class='ocrx_word' id='word_1_174' title='bbox 673 2277 750 2320; x_wconf 86' lang='lat' dir='ltr'><em>hac</em></span> <span class='ocrx_word' id='word_1_175' title='bbox 782 2278 825 2320; x_wconf 86' lang='lat' dir='ltr'><em>in</em></span> <span class='ocrx_word' id='word_1_176' title='bbox 858 2276 968 2320; x_wconf 88' lang='lat' dir='ltr'><em>thesi</em></span> <span class='ocrx_word' id='word_1_177' title='bbox 1002 2277 1173 2334; x_wconf 83' lang='lat' dir='ltr'><em>agimus</em></span> <span class='ocrx_word' id='word_1_178' title='bbox 1217 2275 1268 2319; x_wconf 88' lang='lat' dir='ltr'><em>de</em></span> <span class='ocrx_word' id='word_1_179' title='bbox 1300 2275 1518 2319; x_wconf 85' lang='lat' dir='ltr'>occisione</span> <span class='ocrx_word' id='word_1_180' title='bbox 1549 2274 1611 2319; x_wconf 89' lang='lat' dir='ltr'><em>al-</em></span> 
     </span>
     <span class='ocr_line' id='line_1_23' title="bbox 180 2359 317 2394; baseline 0.007 -1"><span class='ocrx_word' id='word_1_181' title='bbox 180 2359 317 2394; x_wconf 76' lang='lat' dir='ltr'><em>lerms.</em></span> 
     </span>
    </p>
   </div>
   <div class='ocr_carea' id='block_1_8' title="bbox 277 2569 1180 2617">
    <p class='ocr_par' dir='ltr' id='par_1_8' title="bbox 277 2569 1180 2617">
     <span class='ocr_line' id='line_1_24' title="bbox 277 2569 1180 2617; baseline 0.001 -13"><span class='ocrx_word' id='word_1_182' title='bbox 277 2569 331 2615; x_wconf 88' lang='lat'><em>(1)</em></span> <span class='ocrx_word' id='word_1_183' title='bbox 359 2569 413 2606; x_wconf 82' lang='lat' dir='ltr'><em>Cf.</em></span> <span class='ocrx_word' id='word_1_184' title='bbox 440 2581 556 2617; x_wconf 83' lang='lat' dir='ltr'><em>super.</em></span> <span class='ocrx_word' id='word_1_185' title='bbox 586 2571 675 2606; x_wconf 86' lang='lat' dir='ltr'><em>thes.</em></span> <span class='ocrx_word' id='word_1_186' title='bbox 705 2572 768 2606; x_wconf 83' lang='grc' dir='ltr'><strong>ΙΙΙ.</strong></span> <span class='ocrx_word' id='word_1_187' title='bbox 799 2582 878 2617; x_wconf 86' lang='lat' dir='ltr'><em>pag.</em></span> <span class='ocrx_word' id='word_1_188' title='bbox 906 2580 964 2615; x_wconf 85' lang='lat'><em>45.</em></span> <span class='ocrx_word' id='word_1_189' title='bbox 991 2570 1116 2606; x_wconf 88' lang='lat' dir='ltr'>adnot.</span> <span class='ocrx_word' id='word_1_190' title='bbox 1153 2579 1180 2605; x_wconf 85' lang='lat'><em>1.</em></span> 
     </span>
    </p>
   </div>
  </div>
 </body>
</html>
