1737 2802
782 119 1018 162 ,29-

190 204 288 248 dam
323 203 535 260 iniquum,
558 201 697 244 adhuc
715 201 799 244 hoc
819 217 1006 259 aequum
1030 217 1117 245 non
1141 204 1335 246 consistit
1358 205 1400 246 in
1424 205 1614 264 aequali-

188 288 272 318 tate
294 272 709 332 proportionalitatis
721 274 996 330 geometricae,
1007 273 1082 316 sed
1102 274 1144 316 in
1157 275 1406 333 aequalitate
1419 278 1610 320 aritlmze-

188 348 279 390 tica.
300 346 543 403 Explicatur
561 343 645 402 (Ι).
666 344 725 387 Ut
742 345 796 386 sit
820 344 928 387 iusta
954 357 997 388 et
1021 345 1205 403 aequalis
1238 345 1496 399 distributio,
1521 364 1611 392 non

188 430 397 475 quantum
430 415 697 458 arithmetice
735 416 886 473 accipit
926 431 1054 470 unuS‚
1099 416 1222 460 debet
1265 420 1454 476 accipere
1492 419 1608 464 alter.

186 490 342 547 Neque
365 489 482 530 enim
505 489 540 530 si
574 486 708 545 duplo
743 487 913 545 dignior
935 488 1096 546 accepit
1117 489 1284 546 viginti,
1309 489 1440 547 duplo
1463 492 1608 534 minus

187 560 341 617 dignus
375 559 498 602 debet
531 559 720 616 accipere
755 559 920 615 viginti.
968 559 999 601 E
1034 574 1068 602 c.
1090 576 1247 604 nverso
1291 561 1335 603 in
1368 576 1607 606 commuta-

185 630 377 674 tionibus
409 643 619 688 quantum
654 628 918 672 arithmetice
951 632 1116 688 accepit
1168 647 1296 687 unus,
1342 645 1508 676 tantum
1537 634 1610 677 de-

184 703 253 747 bet
285 703 474 760 accipere
505 701 620 744 alter.
655 701 701 745 E.
719 718 759 757 g.
785 702 819 743 si
855 700 1006 745 Callias
1039 705 1199 761 accepit
1231 704 1380 748 decem
1405 722 1458 749 ex
1480 705 1605 749 bonis

185 776 389 831 Socratis,
422 775 618 817 Socrates
652 772 774 815 debet
807 773 997 830 accipere
1029 773 1179 817 decem
1204 791 1254 818 ex
1277 775 1402 819 bonis
1433 777 1607 832 Calliae,

182 860 309 905 atque
342 847 384 888 in
418 845 500 888 hoc
533 859 619 888 non
652 857 714 887 est
747 843 1054 888 consideranda
1085 845 1269 902 dignitas
1302 862 1603 904 personarum.

181 918 337 976 Neque
371 917 486 960 enim
523 917 555 958 si
590 914 744 959 Callias
779 914 909 973 duplo
943 914 1115 972 dignior
1162 919 1321 975 accepit
1369 917 1517 962 decem
1552 934 1605 963 ex

182 988 306 1032 bonis
342 988 550 1040 Socratis,
585 987 778 1030 Socrates
813 985 944 1044 duplo
993 987 1135 1030 minus
1170 987 1325 1044 dignus
1363 988 1487 1033 debet
1535 1005 1606 1033 ac-

183 1061 322 1119 cipere
355 1059 499 1103 solum
533 1060 722 1116 quinque
755 1074 806 1101 ex
837 1057 961 1101 bonis
1007 1058 1178 1113 Calliae,
1212 1059 1287 1103 sed
1330 1059 1452 1104 debet
1500 1063 1606 1106 acci-

183 1148 281 1190 pere
314 1130 598 1174 tantumdem.
633 1131 694 1174 Ut
727 1130 859 1187 igitur
906 1142 1091 1188 ponatur
1139 1119 1368 1189 aequalitas
1410 1133 1454 1175 in
1504 1148 1606 1176 con-

181 1202 383 1246 tractibus
416 1215 455 1245 et
488 1201 739 1254 actionibus,
771 1217 860 1244 non
894 1201 1199 1257 consideratur,
1223 1215 1369 1245 utrum
1395 1219 1604 1262 personae

182 1273 480 1317 contrahentes
499 1273 582 1314 sint
599 1272 791 1329 aequales
823 1271 890 1314 vel
922 1272 1179 1330 inaequales,
1202 1272 1339 1318 bonae
1360 1274 1426 1318 vel
1448 1276 1600 1333 malae,

181 1358 284 1403 puta
317 1357 462 1387 utrum
495 1344 567 1401 qui
599 1344 759 1400 accepit
792 1358 845 1386 ex
878 1343 1003 1386 bonis
1037 1342 1207 1387 alterius
1250 1346 1304 1388 sit
1350 1346 1490 1390 bonus
1537 1348 1604 1392 vel

181 1415 334 1469 malus,
359 1428 506 1458 utrum
530 1415 601 1473 qui
621 1415 841 1457 commisit
857 1414 1114 1458 adulterium
1133 1417 1186 1458 sit
1202 1416 1341 1460 bonus
1362 1418 1429 1461 vel
1449 1419 1605 1478 malus,

180 1487 255 1530 sed
287 1502 390 1546 pure
424 1484 714 1529 consideratur
736 1498 1048 1529 nocumentum
1072 1485 1250 1542 illatum,
1268 1503 1476 1546 personae
1498 1507 1603 1535 vero

274 1672 332 1716 (ι)
359 1671 411 1705 En
438 1672 512 1717 ipsa
537 1671 644 1705 verba
657 1670 873 1708 Aristotelis,
889 1670 1001 1705 Ethic.
1021 1672 1065 1706 V.
1084 1681 1129 1715 4.,
1149 1683 1302 1719 quorum
1321 1673 1600 1719 explicationem

177 1733 323 1767 Maurus
362 1729 490 1764 affert:
519 1730 566 1762 Τὸ
589 1729 663 1762 δ’ἐν
688 1732 759 1766 τοίς
783 1729 1059 1776 ‘snb-‘adflatu
1085 1731 1225 1764 dimaon
1256 1733 1331 1766 ἐστὶ
1355 1733 1417 1778 μὲν
1445 1731 1526 1766 ἴσον
1553 1747 1598 1774 τι,

177 1791 238 1823 καὶ
263 1791 300 1823 τὸ
328 1788 452 1823 ἄδικον
481 1786 617 1827 ἄνισον,
645 1784 720 1819 ἀλλ’
749 1784 786 1820 οὐ
815 1789 901 1821 κατὰ.
925 1789 984 1823 τὸν
1012 1785 1206 1834 &valo-*liza
1237 1788 1371 1824 ἐκείνην
1395 1786 1485 1822 ἀλλὰ.
1505 1791 1600 1822 κατὰ,

176 1848 234 1883 τὴν
262 1844 500 1892 ἀριθμητικήν.
525 1843 634 1878 Οὐθὲν
660 1846 727 1890 γὰρ
756 1844 925 1891 ὃικφέρει,
956 1844 984 1878 εἰ
1010 1845 1158 1884 ἐπιεικὴς
1187 1846 1314 1891 φαῦλον
1356 1844 1596 1891 ἀπεστέρησεν

176 1904 196 1941 ἦ
225 1904 349 1950 φαῦλος
376 1906 522 1944 ἐπιεικῆ,
552 1902 629 1937 οὐδ’
658 1901 687 1935 εἰ
714 1902 926 1949 ἐμοίχευσεν
949 1902 1097 1942 ἐπιεικὴς
1119 1902 1138 1939 ἦ
1161 1903 1299 1948 pasto:
1322 1901 1409 1936 ἀλλὰ.
1428 1903 1515 1947 πρὸς
1535 1905 1597 1936 τοῦ

175 1962 332 2009 βλάβους
357 1963 415 1999 τὸν
442 1962 617 2008 διαφορὰν
642 1962 750 2007 μόνον
778 1961 900 2006 βλέπει
926 1963 942 1994 ὁ
969 1960 1084 2007 νόμος,
1112 1962 1172 1993 καὶ,
1196 1965 1324 2007 χρῆται
1352 1962 1395 2000 ὡς
1420 1961 1525 2001 ἴσοις,
1568 1959 1598 1994 εἰ

127 2030 129 2033 “
177 2022 193 2054 ὁ
217 2021 280 2065 μὲν
306 2017 424 2054 ἀδικεῖ
451 2017 467 2052 ὁ
491 2017 720 2059 δ’ἀνῖικεῖτκι,
747 2020 807 2052 καὶ
833 2017 862 2051 εὶ
889 2017 1043 2063 ἔβλαψεν
1073 2019 1088 2051 ὁ
1115 2018 1153 2052 δέ
1179 2018 1389 2064 βέβλκπτειι,
1418 2020 1528 2053 ''sto-‘ts
1559 2023 1596 2052 τὸ

177 2077 303 2112 ἄδικον
326 2081 428 2112 τοῦτο
454 2077 576 2111 ἄνισον
606 2077 643 2110 ἰν
673 2076 806 2118 ἰσάζειν
833 2080 994 2118 πειρᾶται
1015 2075 1032 2110 ὁ
1060 2076 1241 2115 &ezzo-7515.
1276 2078 1414 2113 Iustum
1443 2088 1531 2113 vero
1559 2078 1598 2112 in

177 2139 421 2173 contractibus
448 2139 599 2177 (iustum
626 2139 805 2173 intentum
831 2148 851 2170 a
879 2137 1010 2171 iustitia
1037 2137 1320 2182 commutativa)
1348 2147 1401 2173 est
1428 2149 1514 2172 sane
1539 2149 1596 2172 ae-

176 2196 282 2243 quale
308 2197 492 2243 quiddam,
519 2207 552 2233 et
579 2199 751 2233 iniustum
790 2196 990 2243 inaequale,
1016 2205 1052 2230 at
1090 2207 1166 2230 non
1205 2197 1406 2232 secundum
1446 2208 1597 2244 propor-

176 2256 316 2290 tionem
343 2255 445 2290 illam
473 2256 779 2303 (geometricam),
805 2256 865 2290 sed
892 2255 1171 2291 arithmeticam.
1212 2256 1311 2290 Nihil
1337 2256 1435 2290 enim
1479 2255 1598 2299 refert,

175 2324 294 2350 utrum
322 2317 375 2349 vir
401 2316 517 2350 bonus
543 2315 680 2351 malum
721 2327 785 2350 suo
825 2316 1013 2361 privaverit
1053 2327 1098 2349 an
1137 2315 1254 2349 malus
1289 2316 1439 2358 bonum,
1478 2326 1596 2362 neque

175 2383 295 2409 utrum
321 2374 536 2410 adulterium
563 2375 786 2410 commiserit
812 2375 930 2409 bonus
956 2386 1002 2409 an
1028 2375 1159 2410 malus:
1188 2375 1248 2409 sed
1275 2375 1399 2409 damni
1425 2373 1597 2408 differen-

171 2434 259 2468 tiam
284 2442 426 2469 tantum
452 2442 591 2481 spectat
619 2434 687 2477 lex,
715 2443 749 2469 et
767 2435 876 2469 utitur
901 2444 1086 2480 tamquam
1105 2434 1325 2480 aequalibus,
1344 2435 1373 2468 si
1390 2433 1447 2467 hic
1465 2433 1594 2468 iniuria

171 2493 288 2536 afficit,
315 2493 375 2528 ille
401 2493 589 2536 afficiatur,
617 2503 650 2529 et
676 2495 705 2528 si
730 2493 860 2536 laedat,
886 2493 947 2528 ille
971 2504 1057 2528 vero
1084 2493 1256 2529 laedatur.
1273 2493 1395 2540 Itaque
1420 2493 1593 2527 iniustum

170 2551 252 2595 hoc,
281 2553 380 2599 quod
407 2562 460 2588 est
486 2552 684 2599 inaequale,
711 2563 864 2600 aequare
891 2562 1043 2588 conatur
1068 2553 1182 2588 iudex.
