1737 2802
667 141 934 184 „205-

85 223 273 282 affulget,
306 235 433 282 atque
465 223 508 266 in
542 222 723 267 absurda
746 231 834 267 n'on
857 239 988 282 pauca
1011 222 1116 282 lapsi
1143 238 1265 282 sunt3
1299 226 1359 268 sic
1383 226 1511 268 etiam

88 296 313 340 communi
357 294 549 338 eiusdem
599 294 859 339 revelatione
907 294 1194 353 abuterentur,
1242 312 1423 355 eamque
1462 296 1515 340 ad

88 367 408 412 cohonestanda
442 367 579 425 turpia
615 383 809 426 quaeque
843 366 1118 424 deducerent,
1166 368 1268 426 quin
1303 384 1511 426 umquam

83 439 205 496 argui
239 450 416 496 possent
450 437 660 482 falsitatis.
696 437 865 495 Singuli
900 438 1015 480 enim
1049 453 1070 480 a
1103 439 1199 481 Deo
1233 455 1280 482 ea
1313 455 1357 482 se
1390 455 1512 482 acce-

82 511 195 569 pisse
227 509 508 567 affirmarent,
541 525 648 568 quae
680 526 769 553 non
802 522 943 553 essent
990 510 1072 552 nisi
1108 511 1303 567 propriae
1354 512 1513 554 mentis

82 581 242 639 deliria,
273 597 320 625 ac
352 581 535 625 totidem
571 594 711 625 essent
759 581 989 639 religiones
1039 594 1145 639 quot
1192 583 1343 640 capita,
1380 596 1510 641 prout

82 654 272 698 evenisse
304 654 346 697 in
379 669 441 710 ea,
475 669 603 712 quam
637 653 920 697 rationalistae
952 666 1107 696 vocant
1141 641 1409 711 primitivam
1444 670 1511 698 re-

82 723 357 782 velationem,
389 726 648 783 experientia
675 725 953 769 demonstrat.
983 726 1130 778 Quare
1153 738 1194 769 et
1226 725 1309 770 hoc
1333 726 1509 770 habetur

82 795 429 840 emolumentum
463 813 513 839 ex
537 796 720 840 mediata
745 797 1021 854 revelatione,
1045 796 1164 855 quod
1187 797 1347 841 scilicet
1370 800 1512 841 unitas

82 879 208 926 atque
250 869 493 921 consensio,
538 884 645 926 quae
688 882 787 912 sunt
827 870 1076 928 praecipuae
1120 884 1242 913 verae
1286 869 1511 928 religionis

80 952 222 998 notae,
254 939 353 983 inde
401 952 644 997 exsurgant,
692 952 785 983 tuin
836 940 1000 999 publica
1042 940 1275 985 hominum
1327 943 1511 986 societas

81 1024 208 1070 atque
241 1010 468 1069 professio,
503 1026 671 1054 necnon
705 1011 925 1069 publicum
950 1013 1164 1056 societatis
1188 1013 1310 1055 istius
1345 1025 1386 1056 et
1408 1029 1510 1071 pro-

80 1083 280 1128 fessionis
314 1082 549 1126 vinculum.
586 1082 808 1140 Alioquin,
841 1099 894 1126 ne
927 1082 1065 1127 fraudi
1108 1083 1279 1128 daretur
1318 1083 1454 1142 locus,
1487 1100 1511 1128 a

79 1155 260 1214 singulis
294 1154 566 1213 efflagitanda
614 1168 756 1199 essent
800 1142 1003 1200 miracula
1051 1169 1091 1200 et
1129 1157 1342 1215 vaticinia,
1388 1156 1509 1215 quod

82 1242 211 1288 quam
244 1227 478 1272 absurdum
512 1229 580 1282 sit,
615 1243 745 1272 nemo
779 1243 867 1271 non
900 1228 1030 1272 videt.
1065 1246 1085 1269 »

198 1300 349 1344 Tertia
382 1300 662 1357 congruentia
695 1312 758 1343 est
794 1300 921 1344 haec:
972 1301 1070 1358 quia
1115 1300 1184 1344 hic
1233 1301 1510 1346 revelationis

79 1372 237 1416 modus
261 1371 426 1415 confert
459 1371 510 1415 ad
545 1372 756 1415 maiorem
783 1371 1068 1415 humilitatem
1092 1372 1390 1426 exercendam,
1416 1389 1507 1417 ma-

77 1445 229 1502 iusque
252 1442 433 1501 proinde
456 1443 661 1486 meritum
685 1442 1010 1500 acquirendum.
1039 1469 1090 1474 —
1121 1462 1143 1484 ‹<
1177 1444 1342 1496 Potuit,
1366 1444 1510 1502 inquit

79 1515 235 1559 Suarez
282 1516 358 1573 (1),
407 1513 489 1558 hoc
538 1513 729 1558 conferre
778 1513 830 1558 ad
878 1515 1015 1557 maius
1067 1516 1270 1558 meritum
1317 1514 1430 1568 fidei,
1464 1527 1507 1558 et

79 1587 289 1630 maiorem
323 1585 610 1629 humilitatem
643 1585 939 1643 exercendam,
973 1585 1078 1629 dum
1113 1587 1155 1629 in
1189 1602 1234 1629 re
1260 1585 1509 1630 difficillima

78 1657 215 1701 homo
248 1657 471 1701 subiicitur
504 1656 686 1714 homini,
719 1658 847 1701 etiam
881 1657 1023 1716 quoad
1048 1656 1328 1712 intellectum,
1353 1659 1395 1701 in
1419 1673 1510 1716 quo

80 1729 189 1773 solet
221 1745 313 1773 esse
348 1730 484 1772 maior
517 1728 754 1774 difficultas.
788 1747 808 1770 »

199 1815 266 1858 53.
301 1803 551 1861 SCHOLIQN.
587 1803 648 1846 Ex
681 1803 747 1859 iis,
777 1819 885 1861 quae
918 1802 1123 1846 hactenus
1159 1803 1210 1847 de
1246 1802 1511 1847 revelatione

80 1872 285 1927 diximus,
321 1874 404 1918 hoc
427 1874 650 1918 manifeste
674 1875 868 1933 sequitur
901 1874 1189 1919 corollarium:
1213 1900 1271 1909 —
1296 1875 1375 1920 Vis
1402 1889 1508 1931 ergo

81 1945 292 1990 humanae
326 1947 504 1990 rationis
538 1962 676 2005 neque
711 1959 775 1990 est
808 1948 937 1990 nimis
985 1946 1292 2005 exaggeranda,
1325 1959 1371 1990 ut
1417 1947 1507 1991 Ra-

80 2016 321 2061 tionalistae
354 2016 529 2074 faciunt,
563 2033 702 2077 neque
738 2031 801 2062 est
848 2019 978 2062 nimis
1022 2019 1315 2079 deprimenda,
1347 2030 1394 2061 ut
1442 2015 1509 2060 fa-

81 2090 200 2133 ciunt
233 2089 624 2134 Traditionalistae.
660 2090 695 2134 Ii
727 2104 867 2134 errant
914 2092 957 2135 in
1007 2091 1103 2145 hoc,
1139 2090 1257 2150 quod
1305 2100 1509 2142 statuant,

80 2161 291 2204 rationem
315 2160 547 2205 humanam
582 2163 727 2206 omnia
750 2178 892 2221 posse,
925 2179 1014 2207 non
1039 2163 1172 2207 modo
1206 2162 1396 2221 physica,
1431 2163 1508 2207 sed

81 2234 209 2276 etiarn
242 2234 394 2277 morali
427 2234 719 2293 possibilitate,
755 2235 944 2294 illudque
977 2236 1284 2280 tantummodo
1318 2251 1412 2280 esse
1433 2251 1508 2279 ve-

79 2320 176 2348 rum
210 2304 327 2364 quod
359 2305 409 2349 ab
443 2305 629 2350 humana
661 2308 826 2351 ratione
860 2308 1081 2366 proveniat
1112 2307 1198 2367 (2):
1232 2324 1284 2352 ex
1316 2323 1403 2366 quo
1437 2306 1502 2362 fit,

171 2489 226 2534 (1)
246 2490 301 2525 De
327 2488 527 2537 fide‚'part.
560 2501 586 2526 1.
615 2491 707 2538 disp.
735 2491 797 2527 IV.
823 2501 909 2528 sect.
943 2503 972 2528 1.
1002 2504 1102 2529 num.
1128 2503 1160 2537 4.

173 2549 230 2594 (2)
257 2548 311 2583 En
338 2549 411 2595 ipsa
439 2550 760 2585 Rationalistarum
786 2552 906 2586 verba:
933 2551 1123 2595 affirmant,
1153 2565 1171 2584 «
1200 2563 1268 2600 que
1306 2551 1339 2586 la
1381 2552 1504 2586 raison

84 2607 255 2643 humaine
294 2618 346 2644 est
385 2609 536 2656 capable
574 2609 616 2645 de
655 2618 750 2646 tout.
792 2611 849 2658 qu'
865 2611 933 2646 elle
972 2621 1058 2658 peut
1087 2621 1166 2648 tout
1205 2611 1509 2658 entreprendre,...
