1737 2802
811 114 1072 167 „145-

232 221 294 250 est
343 219 512 263 votum,
545 222 565 249 a
613 206 705 263 lege
741 208 913 265 propria
951 220 991 250 et
1037 206 1217 265 publica,
1267 208 1383 266 quod
1434 207 1537 254 haec
1582 225 1658 269 per

230 278 424 323 eamdem
459 279 740 336 voluntatem,
773 295 848 336 per
886 295 1015 338 quam
1062 279 1141 323 lata
1190 293 1272 334 est,
1307 293 1451 339 potest
1497 280 1652 326 auferri

231 351 295 395 vel
329 353 556 409 temperari
589 368 640 394 ex
674 367 797 394 causa
833 352 953 405 iusta3
993 352 1059 395 illa
1091 368 1208 406 vero,
1243 368 1342 396 cum
1366 368 1453 397 non
1476 354 1530 397 sit
1549 362 1653 412 pro-

226 424 322 480 pria
356 421 439 478 lex,
473 420 546 464 sed
590 423 818 479 promissio,
853 437 938 464 non
988 422 1142 480 pendet
1190 423 1374 482 amplius
1409 439 1459 467 ex
1496 424 1654 468 vol'un-

229 508 312 538 tate
347 495 653 552 promittenti-5,
687 496 785 552 quia
818 510 904 538 non
939 508 1083 552 potest
1117 497 1206 554 ipse
1239 513 1319 540 suo
1353 496 1526 540 arbitrio
1575 513 1654 540 au—

227 568 339 612 ferre
373 583 394 610 :1
426 584 470 611 se
503 567 826 626 obligationem,
860 585 988 627 quam
1023 570 1154 613 semel
1188 572 1414 628 contraxit,
1437 571 1535 629 quia
1568 570 1652 614 hoc

225 651 435 696 repugnat
469 655 565 682 cum
600 655 696 682 vera
743 640 904 682 ratione
952 653 992 682 et
1039 639 1298 698 obligatione
1347 641 1650 699 promissionis

227 711 355 754 etiam
389 712 496 754 inter
530 711 742 754 homines.
778 713 829 755 Et
863 712 959 755 ideo
992 725 1040 755 ut
1087 712 1262 756 tollatur
1310 712 1531 772 obligatio,
1578 729 1649 757 ne-

229 797 345 824 cesse
378 794 459 835 est,
485 795 530 824 ut
564 781 628 825 vel
665 795 778 825 tanta
811 784 864 825 sit
897 798 1041 826 rerum
1077 784 1273 841 mutatio,
1298 796 1344 827 ut
1378 800 1452 843 per
1483 800 1529 828 se
1562 800 1653 828 ces-

227 865 307 904 set,
343 852 410 896 vel
445 865 490 896 ut
525 869 545 895 a
579 855 800 911 superiore
834 852 1060 911 auferatur,
1084 853 1276 911 legitima
1311 870 1435 898 causa
1468 856 1650 899 interve-

227 938 383 968 niente.
407 941 426 964 ³>

802 1125 970 1168 Tfflasm
1005 1126 1082 1169 XI.

223 1256 506 1299 Inramenlum
540 1266 595 1299 est
631 1256 788 1299 licitum
820 1255 1040 1299 secundum
1071 1271 1108 1299 se
1140 1265 1176 1299 et
1209 1256 1432 1301 honestum.
1474 1257 1529 1301 Ut
1573 1273 1649 1301 au-

1643 0 1681 25 „3

1709 0 1737 195 ’,Ι

1732 199 1737 230 ³

344 1336 418 1371 tam
452 1337 548 1371 recte
571 1328 668 1386 fiat,
701 1329 768 1370 hos
800 1327 911 1370 debet
945 1327 1087 1370 habere
1130 1329 1303 1386 comites,
1352 1330 1566 1372 veritatem
1611 1338 1670 1373 et·

342 1400 539 1443 indicium
571 1409 604 1442 et
635 1401 847 1443 iustitiam.

345 1545 412 1587 34.
447 1532 820 1575 PRAENo'sloxfis.
846 1532 1072 1575 Humanae
1096 1530 1353 1574 infirmitatis
1375 1523 1550 1576 effectus
1567 1545 1645 1590 est,

222 1602 339 1662 quod
374 1601 475 1646 alter
507 1603 625 1646 alteri
659 1604 700 1645 in
736 1604 804 1655 iis,
840 1619 948 1661 quae
981 1615 1159 1646 testatur
1193 1615 1263 1645 aut
1295 1604 1527 1660 promittit,
1559 1603 1645 1648 dif-

219 1673 330 1718 ficile
374 1675 529 1719 credat.
578 1676 691 1718 Huic
725 1676 838 1718 malo
871 1688 916 1718 ut
950 1675 1190 1719 remedium
1223 1674 1412 1733 afferant,
1456 1692 1480 1715 «
1511 1676 1646 1719 homi-

220 1748 346 1790 mines
372 1754 445 1804 per
477 1747 669 1789 maiorem
705 1749 770 1790 sm·
820 1749 1018 1790 iurant»
1066 1747 1140 1804 (1),
1190 1747 1216 1790 i.
1265 1763 1301 1792 e.
1350 1761 1426 1805 per
1470 1747 1642 1790 Deum:

218 1817 391 1872 scilicet,
413 1818 612 1862 homines
635 1835 709 1876 per
732 1818 815 1862 hoc
838 1819 888 1862 ad
913 1821 1048 1876 ipsam
1074 1820 1255 1877 primam
1281 1820 1516 1874 veritatem,
1534 1835 1643 1878 quae

217 1905 295 1933 nec
328 1889 412 1932 falli
445 1905 523 1933 nec
556 1889 697 1933 fallere
730 1903 886 1948 potest,
931 1890 1186 1948 confugium
1235 1889 1465 1934 intendunt
1512 1905 1643 1934 omne

215 2121 368 2156 agemus
395 2110 472 2144 aliis
499 2109 603 2145 locis.
629 2109 666 2145 E.
689 2120 723 2155 g.
752 2109 794 2143 de
823 2109 1047 2156 quaestione,
1074 2118 1192 2144 utrum
1221 2117 1305 2144 vota
1333 2119 1377 2143 ex
1403 2116 1503 2143 metu
1529 2109 1640 2154 gravi,

214 2169 300 2205 dolo
327 2170 384 2205 vel
411 2181 529 2205 errore
556 2171 688 2205 emissa
707 2171 884 2216 obligent,
913 2170 1069 2204 breviter
1095 2180 1244 2216 agemus
1264 2169 1301 2204 in
1319 2177 1474 2204 tractatu
1499 2167 1538 2203 de
1553 2178 1638 2202 con-

214 2231 389 2266 tractibus.

308 2291 362 2335 (1)
391 2291 441 2325 Ita
467 2292 595 2337 Apost.
626 2291 670 2326 ad
696 2293 803 2326 Rom.
831 2291 895 2326 VI.
931 2290 982 2327 16.
1010 2291 1115 2333 Quae
1142 2291 1251 2326 verba
1279 2291 1462 2338 explicans
1489 2303 1516 2328 s.
1542 2293 1641 2329 Tho-

211 2361 305 2393 mas,
336 2363 353 2381 «
370 2350 470 2393 illud,
498 2353 622 2398 inquit,
652 2363 714 2397 per
741 2351 836 2398 quod
864 2351 1008 2394 iuratur,
1035 2359 1088 2386 est
1117 2350 1249 2394 maius,
1278 2361 1312 2387 et
1339 2351 1410 2388 hoc
1436 2353 1636 2389 rationabi-

209 2410 301 2446 liter.
327 2409 426 2445 Nihil
453 2411 552 2445 enim
579 2411 676 2446 aliud
711 2420 761 2446 est
782 2413 908 2453 iurare,
927 2412 995 2446 nisi
1015 2411 1164 2446 dubium
1185 2411 1413 2447 confirmare.
1430 2413 1532 2448 Sicut
1548 2423 1636 2460 ergo

211 2472 248 2505 in
276 2470 433 2506 scientiis
458 2471 547 2505 nihil
574 2472 820 2515 confirmatur,
848 2472 915 2506 nisi
943 2483 1007 2518 per
1043 2471 1079 2505 id
1119 2472 1216 2519 quod
1256 2481 1309 2507 est
1347 2474 1464 2519 magis
1489 2481 1633 2516 notum;

211 2531 259 2566 ita
286 2531 365 2577 quia
391 2530 480 2565 nihil
507 2532 639 2566 certius
667 2541 718 2566 est
747 2532 837 2578 apud
866 2531 1047 2575 homines,
1069 2543 1176 2579 quarn
1203 2532 1314 2576 Deus,
1333 2531 1414 2567 ideo
1433 2543 1496 2578 per
1513 2532 1634 2579 ipsum

209 2598 397 2636 tamquam
424 2601 487 2637 per
512 2590 626 2626 maius
653 2600 687 2626 et
714 2592 843 2626 certius
868 2591 1012 2626 iuratur.
1033 2605 1051 2624 »
1081 2590 1134 2627 Cf.
1163 2600 1197 2627 2.
1227 2600 1258 2626 2.
1285 2603 1319 2638 q.
1345 2590 1403 2637 89.
1432 2602 1463 2628 a.
1491 2600 1524 2634 4.
