1737 2802
822 128 1087 168 —116—

238 222 453 263 internum
488 218 650 262 cultum
686 220 739 262 sit
773 219 1008 264 distinctio.
1044 219 1200 264 Cultus
1234 234 1434 266 externus
1473 238 1561 267 non
1596 223 1665 268 di-

237 292 473 349 stinguitur
505 290 554 334 ab
587 291 756 335 interno
789 291 1029 349 adaequate:
1063 292 1096 334 si
1131 293 1243 335 enim
1280 294 1334 336 sit
1367 293 1416 337 ab
1439 310 1490 338 eo
1524 295 1667 340 totali·

237 377 300 407 ter
332 364 567 420 seiunctus,
602 364 685 406 iam
722 367 810 407 non
843 376 906 407 est
939 363 1042 422 quid
1076 363 1325 419 honestum,
1350 365 1425 409 sed
1459 366 1563 425 quid
1594 368 1663 411 vi-

236 436 413 491 tiosum,
448 434 693 492 hypocrisis
731 450 887 492 nempe
921 447 961 478 et
993 435 1281 480 mendacium.
1316 438 1486 482 Verum
1520 436 1568 482 ab
1612 454 1664 482 eo

236 506 516 563 distinguitur
548 505 833 564 inadaequate:
881 518 1081 549 externus
1130 508 1246 550 enim
1295 508 1449 564 cultus,
1483 510 1518 552 si
1565 524 1664 554 vere

238 579 376 621 cultus
410 590 487 635 est,
521 593 691 635 semper
723 577 976 621 informatur
1011 593 1084 621 seu
1119 577 1357 623 vivificatur
1390 580 1438 624 ab
1478 581 1662 625 interno.

236 651 363 694 Hunc
396 665 551 708 nempe
583 650 893 707 praesupponit
926 649 1011 692 iam
1044 662 1139 693 actu
1162 651 1229 693 vel
1256 651 1416 694 virtute
1449 651 1494 694 in
1516 652 1663 696 animo

236 722 512 765 existentem:
563 720 610 764 ab
644 721 726 764 hoc
760 720 952 779 pullulat,
987 733 1032 764 ut
1063 737 1085 764 a
1119 722 1283 765 semine
1332 721 1499 780 planta:
1548 722 1664 768 hunc

235 805 521 852 repraesentat
554 794 756 849 exterius,
790 805 836 836 ut
870 794 1045 850 signum
1081 809 1170 837 rern
1205 793 1503 851 significatam:
1531 795 1663 839 simul

234 880 338 908 vero
372 865 517 923 ipsum
550 877 798 923 promovet,
832 863 1091 908 vividiorem
1126 864 1346 909 reddendo
1395 881 1440 909 ac
1488 865 1663 911 diutur-

233 937 417 981 niorem.

353 1008 426 1052 III.
462 1007 528 1050 Ad
562 1023 622 1064 ea,
655 1023 762 1065 quae
797 1006 1003 1061 diximus,
1052 1006 1345 1052 confirmanda
1388 1009 1502 1053 iuvat
1538 1025 1663 1068 prae-

234 1080 397 1138 cipuas,
433 1095 537 1137 quas
569 1080 731 1122 externi
765 1079 903 1122 cultus
937 1094 1087 1122 osores
1125 1079 1350 1137 obiiciunt,
1393 1079 1662 1125 difficultates

233 1152 498 1210 perpendere
532 1168 578 1194 ac
613 1151 787 1195 diluere.

358 1223 435 1281 1⁰.)
470 1222 622 1267 Cultus
657 1235 856 1265 externus
890 1235 951 1265 est
984 1221 1144 1265 finitus.
1170 1223 1285 1279 Ergo
1319 1235 1382 1266 est
1415 1224 1512 1267 Deo
1544 1223 1661 1268 indi-

232 1311 357 1352 gnus.
391 1321 447 1328 —
482 1294 743 1352 Respondeo
779 1297 823 1352 α)
872 1294 1035 1337 cultum
1085 1310 1259 1352 quoque
1303 1296 1520 1339 internum
1566 1312 1659 1340 esse

231 1367 417 1412 finitum.
467 1368 585 1410 Haec
633 1367 774 1424 itaque
806 1366 915 1409 ratio
949 1367 982 1408 si
1014 1365 1186 1423 valeret,
1231 1381 1319 1409 non
1352 1366 1486 1410 modo
1519 1366 1658 1411 cultus

230 1452 451 1496 exterum,
469 1438 543 1482 sed
569 1440 761 1481 internus
785 1438 910 1480 etiam
932 1437 1040 1481 foret
1058 1436 1341 1482 reiiciendus:
1375 1437 1497 1496 quod
1515 1451 1658 1483 tamen

229 1511 326 1569 ipsi,
361 1510 617 1569 quibuscum
652 1509 971 1566 contendimus,
994 1508 1224 1553 adversarii
1256 1524 1345 1553 non
1368 1510 1527 1554 audent
1549 1510 1657 1554 affir-

230 1598 360 1626 mare.
394 1581 521 1626 Addo
554 1580 606 1640 β)
641 1580 802 1624 cultum
839 1594 1082 1635 externum,
1132 1581 1244 1625 haud
1287 1597 1410 1625 secus
1443 1597 1489 1626 ac
1521 1583 1657 1626 inter-

227 1671 351 1712 num,
367 1671 460 1698 esse
479 1654 655 1713 quidem
677 1653 868 1706 finitum,
893 1655 927 1696 si
950 1653 1159 1698 subiective
1183 1665 1416 1712 spectetur,
1441 1655 1476 1697 si
1499 1670 1656 1714 nempe

230 1726 525 1770 consideretur
558 1725 638 1779 ille,
672 1726 744 1783 qui
779 1724 895 1783 colit,
928 1738 969 1769 et
1001 1738 1134 1780 actuS,
1168 1741 1255 1784 quo
1290 1725 1403 1769 colit:
1438 1741 1527 1770 non
1560 1743 1654 1772 esse

227 1812 371 1842 tamen
404 1798 589 1856 finitum,
622 1799 655 1841 si
689 1798 874 1841 obiective
919 1811 1148 1856 spectetur,
1195 1799 1404 1841 nimirum
1437 1799 1472 1842 si
1508 1800 1654 1843 consi-

228 1870 400 1915 deretur
447 1870 530 1924 ille,
562 1871 635 1927 qui
669 1869 838 1923 colitur,
873 1882 914 1913 et
947 1871 1029 1914 Dei
1064 1871 1280 1923 maiestas,
1315 1886 1423 1928 quae
1467 1886 1542 1929 per
1577 1887 1652 1916 eos

228 1955 344 1985 actus
379 1942 704 1999 recognoscitur
737 1957 758 1983 a
791 1940 913 1984 nobis
947 1956 993 1984 ac
1026 1940 1305 1999 significatur.
1346 1942 1417 1985 Sic
1456 1959 1476 1982 (ε
1509 1957 1651 1999 genu-

225 2013 453 2070 flectimus,
497 2014 636 2071 inquit
679 2028 711 2057 s,
748 2012 948 2056 Thomas
982 2012 1072 2071 (1),
1116 2025 1308 2056 nostram
1358 2011 1652 2057 infirmitatem

225 2234 399 2269 socialem
428 2244 461 2269 et
490 2235 582 2269 inter
607 2233 776 2268 homines
801 2234 999 2275 viventem,
1028 2233 1142 2267 teneri
1168 2233 1322 2268 naturali
1356 2242 1566 2280 praecepto,
1593 2245 1650 2268 re-

224 2293 402 2340 ligionem
431 2305 513 2340 erga
542 2294 661 2328 Deum
688 2293 851 2339 profiteri
877 2302 1023 2327 externe
1050 2293 1176 2328 debito
1203 2303 1370 2340 tempore
1397 2301 1431 2329 et
1457 2293 1553 2329 loco.

316 2352 369 2398 (1)
397 2353 435 2387 In
465 2364 494 2387 2.
521 2364 553 2388 2.
583 2365 619 2399 q.
649 2352 705 2395 84.
732 2364 762 2386 a.
792 2363 822 2386 2.
842 2353 885 2386 ad
913 2358 967 2386 2¹¹¹.
988 2372 1036 2378 —
1063 2351 1206 2386 Omnes
1233 2360 1333 2387 actus
1360 2352 1476 2387 cultus
1503 2353 1578 2387 sive
1597 2352 1653 2386 in·

221 2412 314 2445 terni
341 2412 415 2446 sive
442 2413 575 2446 externi
605 2411 745 2445 divinas
772 2420 1041 2457 recognoscunt
1082 2419 1115 2445 et
1157 2411 1364 2458 exprimunt
1390 2411 1645 2457 perfectiones.

220 2469 437 2516 Exprimunt
465 2482 508 2505 eo
535 2479 651 2515 pacto,
680 2481 750 2516 quo
778 2481 838 2504 eas
865 2469 1032 2515 exprimit
1052 2470 1160 2503 timor
1186 2470 1265 2505 Dei.
1285 2469 1361 2512 Qui
1381 2470 1485 2504 timet
1509 2469 1645 2511 Deum,

221 2531 377 2576 practice
403 2529 558 2563 declarat
586 2540 668 2563 eum
695 2540 773 2564 esse
800 2529 1052 2570 omnituentem,
1080 2533 1244 2572 sanctum,
1272 2529 1409 2571 iustum,
1437 2528 1651 2575 omnipoten-

221 2594 298 2625 tem.
323 2590 450 2636 Neque
476 2588 573 2623 enim
600 2589 719 2622 Deum
747 2590 901 2631 timeret,
930 2588 995 2621 nisi
1027 2587 1184 2623 crederet
1226 2599 1309 2623 eum
1348 2587 1474 2622 omnia
1513 2587 1648 2629 videre,
