1737 2802
798 134 1060 164 —122—

216 219 385 273 directa,
435 232 628 276 quaeque
662 217 856 274 proxime
889 231 935 259 ac
969 214 1205 259 formaliter
1253 216 1391 259 oritur
1426 233 1448 255 «
1482 229 1536 259 ex
1569 230 1641 258 su-

215 290 355 348 perbia
388 288 578 331 hominis
612 300 756 331 contra
789 288 934 330 Deum
968 302 1013 330 se
1046 288 1247 344 erigentis
1282 305 1303 326 »
1339 286 1426 346 (1).
1460 287 1526 330 De
1560 286 1639 330 hac

213 362 369 405 directi
402 360 451 403 bl
446 360 665 418 1sphcmi1
711 360 882 417 proprie
926 358 1119 417 loquitur
1152 375 1183 402 s.
1220 360 1533 417 Hieronymus,
1566 357 1642 402 ubi

212 434 267 476 ait
300 432 393 491 (2):
437 451 455 473 «
490 431 606 475 Nihil
652 430 897 475 horribilius
947 430 1224 489 blasphemia,
1273 446 1380 489 quae
1429 431 1552 488 ponit
1595 431 1636 474 in

211 504 436 547 Excelsum
487 519 534 546 os
585 519 725 546 suum.
772 520 791 543 ›>
842 503 957 547 Cum
1007 519 1039 547 s,
1080 504 1353 561 Hieronymo
1406 500 1640 545 concordat

211 591 242 619 s.
280 575 476 618 Thomas
511 576 586 631 (3),
636 575 736 618 haec
783 575 904 618 Glos.
946 575 1071 618 verba
1117 573 1382 632 approbans:
1431 592 1453 614 «
1487 572 1641 619 Omne

211 660 431 704 peccatum
478 659 773 703 comparatum
811 663 907 689 cum
943 645 1207 704 blasphemia
1240 644 1377 688 levius
1411 657 1486 689 est.
1521 661 1541 684 ³>
1581 670 1636 676 —

210 719 254 776 γ)
292 717 563 774 Blasphemia
598 732 660 761 est
693 718 758 761 vel
793 719 1027 761 immediata
1063 717 1127 761 vel
1160 718 1352 773 <tn-edium,
1401 728 1529 775 prout
1570 716 1638 760 vel

211 790 458 834 immediate
492 790 617 833 afficit
650 792 809 849 Deum,
838 791 903 834 vel
930 793 1072 848 ipsum
1098 789 1223 833 afficit
1245 803 1413 833 tantum
1438 788 1640 843 mediate,

211 861 327 920 quod
364 864 593 919 contingit,
624 879 757 921 quum
794 865 934 908 Sancti
974 876 1043 906 aut
1079 879 1142 906 res
1177 878 1317 906 sacrae
1349 861 1488 905 verbis
1513 859 1637 904 inho-

210 947 431 978 norantur.
470 936 585 978 Haec
620 938 735 978 enim
771 935 1030 979 contumelia
1065 935 1273 979 redundat
1306 936 1346 977 in
1380 935 1545 987 Deum,
1571 933 1638 976 cui

210 1006 350 1049 Sancti
401 1007 571 1064 speciali
619 1007 790 1050 vinculo
836 1009 1061 1060 amicitiae,
1096 1024 1160 1050 res
1195 1020 1334 1050 autem
1370 1020 1510 1049 sacrae
1543 1021 1641 1064 spe·

211 1078 315 1121 ciali*
336 1079 538 1123 relatione
573 1094 670 1123 sunt
705 1081 942 1124 adstrictae.
980 1080 1092 1123 Hinc
1127 1079 1392 1137 blasphemia
1435 1077 1640 1122 definitur

211 1152 362 1195 etiam:
410 1151 572 1195 locutio
608 1166 754 1196 contra
788 1154 929 1196 Deum
967 1166 1035 1195 aut
1070 1167 1136 1195 res
1172 1167 1307 1194 sacras
1343 1161 1415 1210 per
1451 1149 1632 1193 modum

210 1223 510 1268 contumeliae.
556 1225 638 1268 Sed
683 1226 765 1268 iam
810 1224 860 1268 ad
896 1240 1094 1281 magnam
1148 1224 1262 1267 illam
1311 1222 1642 1282 blasphemiam,

210 1311 291 1354 qua
325 1297 421 1340 Deo
456 1296 691 1354 denegatur
725 1298 905 1340 dominii
941 1298 1229 1355 singularitas,
1263 1313 1337 1340 seu
1372 1295 1423 1340 ad
1457 1293 1636 1338 idolola-

207 1369 332 1413 triam
367 1370 601 1414 veniamus.

328 1442 384 1485 II.
416 1441 659 1485 Idololatria
691 1441 762 1500 (ab
810 1438 1000 1495 εἴδωλον,
1035 1442 1312 1486 simulacrum
1349 1455 1390 1486 et
1424 1441 1640 1502 λατρεύω,

305 1629 355 1675 (1)
385 1629 425 1664 In
456 1640 487 1665 2.
515 1640 546 1664 2.
574 1641 606 1676 q.
637 1629 712 1671 158.
739 1641 769 1663 a.
796 1640 829 1674 7.
852 1650 896 1656 -—
917 1631 994 1666 Huc
1021 1627 1102 1662 facit
1122 1628 1210 1666 illud
1237 1631 1345 1673 Eccl„
1361 1628 1406 1663 X.
1432 1642 1495 1674 14:
1528 1632 1639 1666 «Ini-

207 1690 295 1725 tium
336 1690 524 1735 superbiae
562 1689 723 1725 hominis
761 1699 966 1737 apostatare
1005 1703 1024 1725 a
1058 1690 1182 1733 Deo,=‘·
1213 1693 1236 1726 i.
1265 1703 1296 1735 e,
1323 1701 1360 1727 ut
1399 1691 1487 1727 haec
1526 1693 1636 1727 verba

207 1762 234 1785 s.
253 1749 417 1786 Thomas
438 1750 461 1785 l.
482 1763 511 1786 c.
539 1749 704 1795 explicat,
727 1766 742 1779 «
763 1752 930 1787 recedere
958 1765 976 1786 a
1004 1753 1236 1788 veneratione
1263 1741 1337 1788 eius
1364 1761 1416 1787 est
1442 1752 1557 1798 prima
1578 1746 1637 1787 su·

206 1810 350 1856 perbiae
377 1821 468 1855 pars,
496 1819 529 1844 et
556 1821 597 1844 ex
626 1809 695 1845 hoc
723 1811 836 1846 oritur
863 1813 1103 1858 blasphemia.
1124 1828 1140 1845 »

301 1869 356 1916 (2)
381 1869 419 1904 In
446 1869 512 1906 Isa.
539 1869 562 1905 l.
587 1870 666 1905 VII.
694 1882 724 1905 c.
756 1871 807 1906 18.

301 1929 352 1975 (3)
378 1929 418 1964 In
445 1940 476 1964 2.
506 1939 535 1964 2,
565 1942 597 1977 q.
631 1940 680 1975 13.
709 1941 740 1965 a.
771 1942 802 1976 3.
833 1931 871 1966 In
901 1943 1066 1978 respons,
1093 1932 1136 1968 ad
1165 1939 1218 1968 2¹¹¹.
1238 1943 1452 1978 comparans
1479 1932 1636 1980 blasphe-

207 1990 312 2023 miam
338 2000 421 2023 cum
447 1988 647 2023 homicidio
672 1990 723 2023 sic
749 1989 902 2026 disserit:
937 1992 1222 2027 «Homicidium
1264 2001 1297 2028 et
1337 1991 1564 2037 blasphemia
1603 1991 1634 2026 si

207 2059 463 2095 comparentur
489 2050 687 2084 secundum
716 2051 856 2096 obiecta,
884 2053 918 2086 in
948 2064 1036 2099 quae
1076 2062 1255 2098 peccatur,
1294 2050 1527 2087 manifestum
1567 2050 1636 2094 est,

206 2109 298 2156 quod
327 2109 562 2155 blasphemia,
590 2121 678 2153 quae
705 2120 756 2145 est
783 2110 916 2146 directe
944 2121 1132 2158 peccatum
1160 2113 1195 2146 in
1215 2111 1346 2154 Deum,
1366 2111 1631 2158 praeponderat

205 2168 416 2213 homicidio,
444 2170 538 2216 quod
569 2179 621 2204 est
648 2179 835 2216 peccatum
863 2171 896 2204 in
924 2171 1144 2217 proximum.
1162 2172 1198 2206 Si
1226 2181 1344 2206 autem
1373 2180 1636 2217 comparentur

204 2228 403 2263 secundum
429 2229 580 2275 effictum
606 2228 761 2272 nocendi,
779 2231 827 2264 sic
854 2230 1093 2265 homicidium
1121 2230 1400 2276 praeponderat:
1423 2229 1630 2278 plu'senim

204 2288 445 2323 homicidium
473 2297 582 2323 nocet
609 2289 790 2335 proximo,
817 2301 925 2336 quam
945 2289 1168 2335 blasphemia
1196 2291 1288 2326 Deo.
1306 2289 1376 2326 Sed
1395 2290 1478 2337 quia
1498 2291 1534 2325 in
1553 2302 1636 2336 gra·

205 2348 315 2383 vitate
343 2347 466 2393 culpae
495 2349 608 2393 magis
635 2349 832 2385 attenditur
857 2350 995 2384 intenlio
1021 2349 1209 2385 voluntatis
1231 2354 1411 2396 perversae
1441 2353 1548 2397 quam
1582 2349 1630 2396 es-

198 2407 308 2454 sectus
333 2408 454 2455 operis,
481 2408 562 2442 ideo
602 2419 682 2444 cum
722 2409 954 2456 blasphemus
992 2411 1155 2446 intendat
1193 2420 1456 2446 nocumentum
1498 2409 1633 2447 inferre

203 2469 336 2504 honori
362 2468 497 2511 divino,
524 2468 738 2514 simpliciter
763 2462 949 2517 loquendo
968 2466 1112 2516 gravius
1139 2475 1280 2517 peccat,
1301 2474 1408 2518 'quam
1429 2470 1629 2506 homicida.

204 2528 452 2564 Homicidium
479 2536 600 2563 tamen
629 2529 782 2574 primum
809 2520 931 2564 locum
949 2538 1047 2566 tenet
1068 2531 1159 2566 inter
1185 2531 1332 2577 pecc'at‘a
1360 2531 1394 2565 in
1414 2530 1625 2577 proximum

203 2599 443 2624 commlssa.»
