1737 2802
800 104 1059 146 —126—

250 312 268 357 3
297 312 349 346 11.
376 312 435 345 De
460 310 512 344 iis
537 309 817 355 hypotheticis
844 318 945 352 erga
968 309 1095 342 Deum
1121 307 1282 348 officiis,
1307 317 1412 352 quae
1437 307 1608 346 liberam

326 382 531 416 humanae
557 380 784 416 voluntatis
810 379 1194 414 determinationem
1212 379 1526 423 consequuntur.

807 535 974 578 Tflssffis
1007 534 1062 578 X.

221 651 386 702 Votum,
421 663 488 692 sen
518 648 733 705 promissio
766 645 988 689 deliberata
1025 647 1108 689 Deo
1133 645 1252 703 facta
1284 645 1329 688 de
1351 645 1451 689 bono
1473 645 1641 699 meliori,

334 728 385 763 est
421 720 504 762 Deo
538 717 697 776 quidem
730 716 1011 770 honorificum,
1046 716 1159 760 nobis
1192 725 1329 759 autem
1360 717 1543 774 apprime
1575 731 1642 760 ex-

333 791 497 850 pediens
528 804 574 832 ac
607 788 726 832 valde
761 789 1038 831 meritoriam:
1089 796 1299 831 voventem
1338 796 1461 846 porro
1494 787 1548 830 ad
1579 789 1644 831 sui

334 861 646 905 observationem
680 860 856 902 maxime
889 858 1052 914 obligat.

338 988 404 1030 31.
424 975 793 1017 PRAENOTIONES.
814 972 878 1016 Ab
901 972 1180 1016 essentialibus
1204 988 1304 1029 erga
1327 973 1472 1015 Deum
1491 971 1643 1016 officiis

217 1046 520 1105 progredimur
553 1044 604 1088 ad
637 1061 697 1099 ea,
747 1061 854 1103 quae
886 1045 1152 1088 accidentalia
1187 1044 1374 1087 diximus
1407 1059 1483 1087 seu
1515 1045 1644 1103 hypo-

216 1120 360 1163 thetica
393 1117 489 1177 (1);
523 1133 568 1160 ac
603 1118 745 1174 primo
779 1117 875 1161 loco
910 1116 961 1160 de
995 1116 1076 1160 illis
1109 1116 1398 1174 hypotheticis
1432 1117 1475 1159 in
1498 1117 1643 1161 Deum

216 1189 367 1234 officiis
401 1205 594 1246 agemuS,
627 1204 734 1247 quae
767 1188 865 1232 talia
888 1201 989 1231 sunt
1011 1204 1060 1232 ex
1079 1196 1199 1246 parte
1221 1188 1412 1240 hominis,
1437 1177 1511 1232 seu
1535 1203 1644 1246 quae

215 1261 391 1305 liberam
426 1273 749 1319 consequuntur
783 1260 993 1304 humanae
1028 1259 1260 1303 voluntatis
1312 1259 1642 1304 determinatio-

216 1348 329 1377 nem.
364 1332 630 1376 Huiusmodi
665 1331 944 1390 hypothetica
978 1330 1130 1385 officia,
1175 1330 1350 1389 impleta
1383 1332 1643 1387 conditione,

216 1404 484 1463 aequivalent
516 1404 734 1447 absolutis.
761 1404 871 1448 Sunt
904 1415 1048 1447 autem
1084 1403 1365 1461 potissimum
1400 1402 1502 1457 duo,
1525 1403 1643 1448 vide-

216 1476 312 1520 licet
344 1475 535 1519 officium
581 1477 794 1534 promissa
837 1491 910 1520 seu
947 1488 1047 1518 vota
1083 1474 1293 1532 servandi,
1336 1475 1371 1518 si
1413 1475 1509 1533 quis
1540 1475 1644 1520 velit

217 1549 313 1591 Deo
346 1564 390 1591 se
423 1563 468 1590 se
499 1548 611 1591 votis
647 1546 930 1605 obstringere,
980 1546 1261 1604 officiumque
1295 1547 1456 1600 Deum,
1488 1559 1535 1590 ut
1567 1562 1643 1605 par

217 1632 295 1673 est,
330 1618 572 1677 invocandi,
619 1620 654 1662 si
688 1620 784 1677 quis
817 1618 916 1663 velit
949 1619 1094 1662 Deum
1129 1619 1172 1660 in
1203 1618 1390 1661 veritatis
1437 1619 1642 1661 testimo-

217 1691 341 1734 nium
371 1691 583 1734 invocare.
609 1691 700 1734 Hac
722 1691 865 1748 itaque
888 1691 931 1733 in
957 1689 1226 1748 paragrapho
1250 1688 1300 1733 de
1324 1688 1493 1733 duobus
1517 1705 1643 1748 prae-

217 1763 339 1819 cipue
373 1761 590 1818 agendum
625 1775 703 1815 est,
732 1778 890 1820 nempe
927 1763 1069 1820 primo
1105 1761 1156 1805 de
1188 1770 1294 1817 voto,
1318 1760 1416 1805 dein
1448 1777 1551 1805 vero
1590 1761 1651 1806 dev

218 1835 463 1877 iuramento.

337 1905 552 1958 Quamvis
586 1917 745 1963 autem,
778 1918 825 1949 ut
874 1905 1154 1949 concedimus
1188 1904 1319 1962 ultro,
1352 1906 1547 1963 quaestio
1591 1904 1644 1948 de

215 1984 307 2019 voto
340 1975 391 2019 ad
426 1975 711 2034 Theologum
757 1976 968 2020 moralem
1004 1977 1141 2034 magis
1175 1991 1304 2035 quam
1339 1975 1390 2020 ad
1433 1974 1642 2020 moralem

216 2046 536 2105 Philosophum
571 2060 744 2107 spectet;
787 2061 930 2092 tamen
978 2047 1030 2092 ad
1077 2048 1192 2092 hunc
1240 2063 1414 2106 quoque
1452 2059 1643 2106 spectare

217 2117 394 2173 dicenda
427 2132 505 2173 est,
542 2137 564 2160 α
584 2120 700 2178 quia,
724 2119 851 2163 verba
883 2132 983 2164 sunt
1016 2120 1206 2165 Suaresii
1229 2119 1312 2179 (2),
1336 2120 1447 2163 sicut
1470 2120 1513 2164 in
1536 2134 1643 2178 pura

313 2321 369 2366 (1)
397 2321 491 2356 Vide
518 2332 636 2367 super.
665 2330 722 2363 24.
748 2333 829 2368 pag.
856 2330 910 2368 99.

313 2379 370 2425 (2)
397 2379 451 2414 De
478 2389 576 2415 voto.
605 2379 628 2416 1.
655 2380 717 2416 VI.
744 2392 773 2416 c.
801 2390 834 2427 9.
861 2392 959 2416 num.
994 2390 1047 2427 19.
1067 2401 1111 2408 —
1134 2382 1233 2417 Haec
1260 2382 1388 2417 eadem
1415 2381 1483 2416 dici
1508 2381 1640 2416 debent

216 2436 261 2472 de
286 2438 488 2481 iuramento,
507 2440 600 2486 quod
622 2441 729 2475 etiam
757 2442 792 2475 in
811 2452 900 2487 pura
927 2450 1054 2476 natura
1081 2442 1159 2477 sola
1179 2442 1319 2478 ratione
1346 2440 1500 2477 naturali
1527 2441 1642 2482 ducta,

215 2496 310 2530 haud
337 2508 439 2533 secus
466 2510 506 2533 ac
533 2507 674 2541 votum,
691 2511 768 2534 esse
794 2509 927 2546 posset.
943 2500 1036 2536 Vide
1062 2501 1206 2546 Suam,
1224 2500 1270 2537 de
1295 2502 1422 2536 iuram.
1449 2498 1472 2534 l.
1489 2499 1518 2535 Ι.
1535 2510 1566 2535 c.
1590 2509 1642 2544 14.

215 2564 317 2591 num.
349 2567 402 2602 17.
430 2568 528 2605 seqq.
