1737 2802
814 129 864 134 -
899 104 956 157 43
990 127 1047 136 -.

212 200 392 242 societ-„is
427 198 508 240 hoc
542 197 742 253 exigunt,
775 210 821 239 ut
854 196 944 239 aliis
977 196 1141 240 bonum
1191 197 1371 240 velimus
1407 214 1455 242 ac
1487 214 1653 257 procu*

209 283 383 324 reinus3
417 283 561 311 nonne
594 267 675 310 hoc
712 267 846 324 idem,
878 268 903 310 i.
924 284 957 310 e.
995 279 1040 310 ut
1075 266 1239 310 bonum
1274 267 1398 312 nobis
1441 269 1642 314 intenda-

210 357 322 392 mus,
360 340 496 383 multo
531 340 666 396 magis
700 340 830 396 exigit
863 356 885 382 a
920 338 1045 382 nobis
1083 340 1268 383 maxima
1299 339 1366 383 illa
1407 353 1448 384 et
1492 341 1644 385 intima

212 412 427 463 identitas,
463 427 589 468 quani
626 411 808 468 quisque
842 426 989 454 secum
1030 411 1120 468 ipse
1152 411 1311 455 habet?
1334 411 1485 470 Itaque
1517 412 1643 457 debet

210 484 390 541 quisque
424 482 528 524 velle
563 481 638 523 sibi
673 481 852 535 bonum,
886 494 1011 540 atque
1049 483 1280 539 praecipue
1303 483 1345 526 in
1371 482 1413 526 id
1445 484 1546 527 totis
1578 485 1642 528 vi-

209 554 325 597 ribus
360 553 592 606 intendere,
628 566 672 595 ut
705 552 800 595 finis
836 553 974 596 ultimi
1009 555 1364 597 consecutionem
1397 554 1474 598 sibi
1509 571 1636 599 com-

211 638 342 683 paret.

331 697 541 752 Quaeres,
574 708 720 738 utrum
755 694 893 738 officia
926 694 1027 738 haec
1061 712 1161 753 erga
1188 697 1352 754 Deum,
1385 713 1485 755 erga
1517 699 1651 754 alios,

210 783 307 825 erga
340 768 650 825 nosmetipsos,
687 766 767 810 dici
803 779 959 825 queant
993 779 1033 810 et
1066 768 1151 810 sint
1179 769 1349 826 proprio
1387 784 1435 812 ac
1464 770 1641 828 perfecto

210 855 337 882 sensu
372 838 550 882 officia?
599 838 876 897 Respondeo.
929 840 1041 883 Cum
1096 839 1288 883 officium
1335 841 1389 884 sit
1433 841 1642 900 quoddam

208 910 386 954 debitum
417 912 535 953 alteri
567 910 622 953 ad
653 911 940 968 aequalitatem
968 911 1281 969 persolvendum
1302 947 1316 965 ,
1370 912 1450 955 tria
1495 914 1541 969 in
1587 929 1640 957 eo

209 981 528 1034 consideranda,
563 997 718 1039 nempe
752 981 945 1036 debitum,
980 983 1185 1039 alteritas,
1218 983 1449 1040 aequalitas
1483 984 1642 1042 (1).Ea

206 1054 334 1109 igitur
367 1066 465 1095 sunt
496 1053 731 1111 simpliciter
765 1053 831 1096 vel
864 1069 991 1097 sensu
1024 1053 1152 1112 pleno
1190 1053 1369 1098 dicenda
1391 1055 1521 1113 officia
1538 1064 1652 1115 per--

206 1126 322 1178 fecta,
357 1124 510 1182 quibus
545 1126 623 1167 tria
656 1124 723 1167 illa
745 1124 930 1182 perfecte
955 1138 1240 1183 competunt:
1267 1141 1391 1169 secus
1413 1127 1641 1171 secundum

208 1197 308 1256 qaid
340 1196 405 1240 vel
439 1212 564 1240 sensu
599 1198 742 1240 minus
777 1196 906 1254 pleno
940 1196 1341 1240 denominationem
1375 1196 1506 1242 officii
1559 1198 1641 1242 sibi

206 1267 482 1311 vindicabunt
516 1269 590 1325 (2).
625 1293 682 1301 —
714 1269 910 1312 Iamvero
945 1267 1087 1311 officia
1122 1284 1222 1326 erga
1255 1269 1403 1312 Deum
1426 1284 1516 1313 non
1538 1285 1651 1328 pos--

207 1353 306 1382 sunt
353 1339 405 1383 ad
451 1339 738 1398 aequalitatem
787 1339 986 1397 persolvi.
1035 1341 1224 1398 Etenim,
1257 1353 1303 1384 ut
1359 1356 1392 1385 s.
1441 1340 1641 1385 Thomas

209 1413 265 1455 ait
298 1412 372 1470 (3),
403 1410 652 1469 «quidquid
684 1411 733 1454 ab
769 1411 950 1455 homine
984 1412 1080 1455 Deo
1119 1411 1325 1470 redditur,
1357 1412 1530 1456 debitum
1561 1425 1652 1466 est‚.

205 1499 294 1527 non
327 1496 470 1526 tamen
503 1495 645 1541 potest
679 1499 772 1526 esse
805 1483 984 1542 aequale,
1018 1495 1067 1526 ut
1102 1482 1262 1527 scilicet
1293 1496 1460 1527 tantum
1503 1483 1640 1528 homo

207 1556 244 1598 ei
278 1554 442 1611 reddat,
473 1566 683 1612 quantum
718 1553 870 1611 debet3
904 1553 1150 1598 secundum
1182 1553 1286 1597 illud
1317 1555 1392 1613 (4),
1418 1554 1541 1610 Quid
1572 1571 1643 1598 re·-

208 1626 383 1670 1ribuam
417 1628 595 1670 Domino
623 1634 699 1684 pro
732 1625 935 1683 omnihus,
967 1641 1067 1684 quae
1100 1625 1291 1669 retribuit
1324 1627 1641 1670 mihi?»-In

208 1696 360 1741 officiis
394 1710 536 1740 autem
569 1713 669 1755 erga
700 1698 994 1755 nosmetipsos
1027 1696 1146 1740 deest
1180 1697 1376 1752 alteritas,
1395 1709 1438 1741 et
1459 1697 1642 1756 proinde

208 1767 285 1811 sub
319 1768 401 1812 hoc
433 1782 626 1826 respectu
661 1783 787 1812 sensu
829 1770 972 1812 minus
1022 1768 1199 1826 proprio
1251 1766 1453 1811 dicuntur
1485 1766 1640 1812 officia.

217 1857 235 1879 «
269 1840 416 1882 Minus
451 1855 581 1897 quam
613 1840 723 1882 inter
757 1839 865 1882 duos
911 1839 1089 1882 charitas
1139 1838 1283 1882 haberi
1331 1854 1420 1883 non
1469 1851 1638 1897 potest:

210 1927 341 1955 nemo
375 1913 491 1954 enim
522 1913 685 1970 proprie
717 1911 768 1954 ad
801 1912 1083 1970 semetipsum
1118 1910 1271 1954 habere
1304 1910 1553 1955 charitatem
1576 1909 1651 1954 di·-

306 2149 363 2194 (1)
394 2150 490 2184 Haec
520 2151 588 2185 tria
615 2151 658 2186 de
684 2150 837 2185 notione
865 2150 951 2185 iuris
977 2161 1039 2185 seu
1072 2149 1152 2184 iusti
1176 2160 1255 2184 esse
1281 2148 1439 2185 vidimus
1473 2147 1566 2183 thesi
1589 2148 1650 2184 ΙΙΜ

208 2220 289 2254 pag.
317 2217 372 2251 25.
400 2209 447 2244 Ut
475 2209 642 2253 diximus,
670 2209 724 2244 ius
751 2218 945 2255 acceptum
972 2221 1036 2256 pro
1064 2211 1150 2244 iusto
1177 2208 1273 2245 idem
1299 2207 1374 2244 fere
1401 2217 1454 2244 est
1480 2218 1520 2243 ac
1546 2207 1636 2243 offi-

210 2268 307 2301 cium
335 2269 368 2301 in
395 2273 545 2303 concreto
565 2278 780 2315 spectatum.

306 2327 361 2371 (2)
389 2327 505 2362 Simili
532 2326 639 2373 pacto
667 2328 718 2362 ius
745 2339 807 2362 seu
834 2329 961 2363 iustum
989 2328 1222 2363 distinximus
1251 2339 1334 2363 cum
1367 2325 1563 2362 Aristotele
1599 2325 1653 2360 ins

206 2387 340 2422 iustum
366 2388 571 2434 simpliciter
597 2398 631 2423 et
656 2388 840 2424 secundum
866 2386 946 2435 quid
978 2399 1040 2423 seu
1080 2387 1270 2436 perfectum
1311 2395 1345 2423 et
1383 2384 1650 2436 imperfectum.-

208 2445 302 2481 Vide
327 2447 494 2482 eamdem
521 2447 613 2483 thes.
642 2448 685 2482 ΙΙ.
713 2459 795 2495 pag.
827 2457 884 2493 25.

305 2507 362 2552 (3)
391 2507 430 2541 In
459 2517 490 2542 2.
519 2517 550 2543 2.
575 2520 607 2554 q.
635 2508 691 2543 80.
719 2519 748 2542 a.
775 2519 838 2543 un.

306 2567 362 2610 (4)
389 2566 526 2603 Psalm.
554 2566 667 2602 CXV.
698 2576 751 2602 12.
