1737 2802
54 1844 57 1846 ·
116 1827 299 1872 Thesis
332 1826 545 1869 XXXIII.
583 1848 637 1857 ·-
672 1826 734 1868 De
768 1823 985 1866 mendacio.

293 229 378 265 tatis
405 229 520 264 civilis
547 229 753 265 deveniant.
779 249 826 255 —
852 230 909 264 De
937 222 1168 263 successione
1194 226 1356 262 filiorum
1383 226 1418 260 in

296 289 391 323 bona
419 299 610 334 parentum
637 290 680 323 ab
708 290 878 324 intestato
884 313 1422 324 ..........

104 346 287 392 Thesis
318 348 486 391 XXXI.
522 375 578 381 —-
612 350 674 392 De
707 348 875 391 iniuriis
900 355 1042 391 contra
1065 346 1294 390 dominium
1314 354 1419 404 pro-

279 420 478 477 prietatis.
515 453 524 462 .

201 488 260 537 96.
284 491 532 526 Declaratio.
563 513 599 516 —
637 502 663 527 1.
690 492 910 526 Dominium
937 491 1167 538 proprietatis
1194 491 1351 525 laeditur
1382 510 1420 515 —

297 548 392 583 furto
420 558 454 584 et
482 550 616 597 rapina:
644 572 659 574 -
700 562 790 597 quae
816 559 898 585 sunt
926 550 1016 584 duae
1044 551 1180 597 species
1200 549 1422 595 acceptionis

297 608 450 642 iniustae
478 610 527 643 rei
554 609 708 644 alienae:
738 628 782 634 —
810 609 845 643 in
873 620 943 656 quo
979 607 1160 644 differant.
1187 628 1230 634 -—
1261 618 1292 642 2.
1318 607 1421 642 Iniu-

296 669 383 712 riae,
411 680 499 715 quae
527 669 570 702 ad
600 668 734 703 furtum
776 668 833 703 vel
874 668 1040 714 rapinam
1080 667 1313 709 reducuntur,
1341 676 1424 701 sunt

298 748 342 755 —
370 728 514 764 fraudes
542 739 575 764 et
612 729 686 764 doli
727 730 760 762 in
804 729 1062 770 contractibus,
1091 739 1231 772 usurae,
1271 727 1424 773 simplex

296 789 555 832 damnificatio,
584 789 745 824 detentio
774 789 823 823 rei
850 788 989 823 alienae
1016 799 1084 823 ete.
1118 808 1156 813 -
1187 797 1216 830 3.
1247 789 1303 822 De
1330 785 1425 822 furto

299 850 351 884 rei
377 861 512 884 sacrae.
548 871 582 874 ψ-
613 859 642 892 4.
672 850 819 892 Quanta
860 860 941 883 cura
982 849 1025 883 ab
1064 848 1163 883 hisce
1204 848 1341 882 iniuriis
1380 847 1426 882 sit

299 909 569 944 abstinendum.
600 928 642 933 -
669 910 725 943 De
754 920 865 943 onere
895 908 1137 949 restitutionis
1179 919 1241 941 seu
1281 918 1422 953 repara-

303 969 414 1005 tionis
420 994 1425 1005 ..................

204 1039 261 1074 97.
289 1029 503 1064 Scholion.
533 1049 574 1055 -
603 1028 726 1063 Brevis
754 1028 1011 1074 quaestionum
1045 1027 1088 1060 de
1130 1026 1297 1060 dominio
1338 1037 1426 1071 pro-

301 1090 464 1136 prietatis
490 1089 755 1135 recapitulatio.
783 1108 826 1113 -
854 1088 1130 1133 Sapientissima
1158 1086 1292 1121 Leonis
1328 1085 1424 1121 XIII.

305 1150 413 1183 verba
440 1161 482 1183 ex
506 1161 560 1195 ep
589 1160 666 1184 enc.
697 1148 867 1182 adxersus
893 1147 1166 1183 Socialistarum
1192 1155 1306 1181 sectas
1356 1172 1363 1179 .

110 1208 292 1253 Thesis
325 1210 515 1252 XXXII.
550 1234 606 1241 —
641 1210 702 1252 De
726 1207 900 1251 laesione
921 1207 1100 1264 proximi
1134 1207 1174 1249 in
1208 1205 1321 1248 bonis
1345 1205 1427 1262 fct-

293 1293 380 1321 mae
414 1288 448 1321 et
483 1279 657 1321 honoris.

205 1350 260 1397 98.
289 1350 611 1384 Demonstratio.
640 1368 683 1375 —
705 1359 731 1384 1.
759 1351 814 1384 De
842 1348 1005 1382 laesione
1034 1347 1162 1382 famae.
1190 1367 1234 1372 -
1253 1346 1355 1388 Quid
1382 1346 1427 1380 sit

304 1408 410 1443 fama.
438 1429 481 1435 —
511 1410 699 1451 Quantum
729 1408 772 1442 sit
800 1409 951 1442 bonum:
972 1427 1015 1432 —
1036 1416 1195 1453 praestat
1222 1406 1365 1441 divitiis.
1384 1426 1429 1432 -—

304 1470 426 1511 Quam
455 1469 572 1515 gravis
599 1468 726 1502 iniuria
750 1468 795 1502 sit
822 1468 939 1501 faniae
967 1466 1078 1501 laesio
1102 1488 1140 1492 -—
1163 1466 1198 1500 in
1226 1466 1359 1500 iudicio
1384 1485 1432 1491 --

306 1538 404 1564 extra
430 1529 601 1562 iudicium
633 1550 671 1553 —
702 1526 794 1573 apud
834 1527 938 1570 alios,
967 1538 1030 1572 per
1070 1525 1334 1561 detractionem
1373 1525 1428 1560 vel

306 1587 524 1622 calumniam
579 1609 589 1610 ff
626 1589 721 1632 apud
748 1587 995 1631 semetipsum⁷
1024 1596 1086 1630 per
1112 1583 1286 1618 iudicium
1314 1593 1431 1618 teme-

307 1648 440 1680 rarium
466 1645 523 1680 vel
557 1646 784 1681 temerariam
825 1644 1088 1690 suspicionem.
1114 1663 1159 1668 —
1187 1653 1218 1677 2.
1256 1644 1313 1677 De
1351 1643 1430 1677 lae-

307 1707 411 1740 sione
448 1706 611 1740 honoris.
655 1726 693 1730 —
724 1704 823 1748 Quid
863 1704 908 1738 sit
948 1703 1078 1737 honor:
1103 1722 1150 1728 —
1176 1701 1329 1737 laeditur
1368 1713 1431 1747 per

308 1764 581 1800 contumeliam.
597 1784 641 1790 —
661 1764 761 1806 Quid
781 1764 824 1798 sit
844 1762 1065 1797 contumelia
1084 1782 1129 1788 —
1149 1761 1350 1808 quotuplex
1372 1761 1428 1795 sit.

212 1908 270 1945 99.
300 1898 616 1933 Praenotiones.
643 1917 688 1922 —
718 1907 747 1931 1.
781 1894 957 1931 Definitio
997 1893 1188 1928 mendacii.
1216 1913 1260 1918 —
1288 1892 1432 1938 Duplex

308 1957 540 2003 distinguitur
567 1954 702 1989 falsitas
741 1954 904 1988 dicentis:
933 1972 977 1978 —
1005 1951 1214 1993 materialis,
1256 1951 1433 1986 formalis.

309 2036 352 2042 —
379 2015 510 2050 Utrum
538 2015 694 2049 intentio
724 2024 893 2059 expressa
920 2012 1127 2057 decipiendi
1167 2012 1259 2046 alios
1285 2012 1330 2046 sit
1367 2010 1435 2045 ali-

309 2074 394 2122 quid
421 2074 614 2109 essentiale
642 2073 845 2108 mendacio:
868 2093 905 2097 —
929 2071 1118 2118 responsio
1136 2083 1163 2106 s.
1182 2071 1364 2106 Thomae.
1389 2090 1434 2097 —

318 2145 350 2169 2.
376 2134 586 2169 Divisiones
605 2132 797 2167 mendacii.
826 2160 834 2166 .
887 2158 894 2166 .
946 2159 953 2166 .
1006 2159 1013 2166 .
1126 2158 1432 2165 ......

219 2205 298 2229 100.
325 2194 648 2228 Demonstratio.
671 2211 715 2218 —-
741 2203 767 2226 1.
794 2190 1027 2226 Mendacium
1055 2199 1108 2226 est
1135 2210 1179 2216 —
1207 2190 1344 2225 malum
1373 2202 1435 2225 seu

310 2253 476 2299 deceptio
505 2253 663 2299 proximi
689 2271 737 2278 —
764 2253 894 2286 abusus
922 2251 1071 2298 linguae
1097 2262 1159 2286 seu
1186 2251 1366 2286 sermonis
1396 2270 1435 2276 —-

311 2313 535 2358 perturbatio
562 2312 737 2347 naturalis
764 2311 949 2346 societatis
971 2322 1033 2345 seu
1060 2310 1254 2345 amicitiae.
1283 2331 1316 2335 -
1339 2311 1438 2346 Con-

311 2372 537 2406 firmationes
562 2370 753 2406 adduntur.
774 2390 817 2397 —
838 2381 869 2406 2.
895 2370 1008 2405 Nullo
1036 2370 1073 2404 in
1103 2381 1186 2405 casu
1212 2370 1353 2405 licitum
1382 2378 1435 2405 est

312 2431 471 2466 mentiri:
497 2451 543 2457 —
567 2431 745 2466 sententia
774 2429 890 2465 Grotii
917 2427 1100 2464 refellitur.
1129 2449 1173 2456 -
1200 2428 1436 2475 Dispensatio

311 2495 380 2530 Dei
407 2495 553 2541 propria
582 2503 615 2529 et
642 2493 808 2529 formalis
826 2494 949 2541 nequit
967 2493 1101 2528 habere
1126 2493 1249 2528 locum
1269 2494 1305 2528 in
1335 2504 1437 2528 men-

313 2554 429 2589 dacio:
449 2575 485 2580 -
507 2554 590 2601 quid
609 2553 651 2588 de
668 2564 844 2599 responso
861 2553 981 2597 Iacob,
997 2553 1089 2588 Gen.
1103 2553 1267 2596 XXVII„
1282 2552 1439 2588 sentien-

312 2614 409 2651 dum.
435 2633 481 2641 -
511 2623 540 2658 3.
558 2615 614 2649 De
641 2613 892 2656 simulatione,
913 2613 1111 2659 hypocrisi,
1133 2612 1343 2648 adulatione
1370 2621 1438 2646 etc.

1497 965 1544 1002 ib.

1477 1153 1546 1190 334

1416 1274 1546 1339 .338

1503 1761 1550 1796 ib.

1420 1856 1428 1864 .
1465 1834 1543 1877 341

1492 2618 1553 2655 343
