1737 2802
690 113 957 168 -363—

108 207 241 250 mine.
281 206 488 252 «Omnis
522 206 676 262 homo,
711 219 758 249 ut
790 206 919 265 paulo
955 218 1049 250 ante
1083 221 1182 250 cum
1225 221 1258 249 s.
1292 206 1551 262 Augustino

110 277 314 335 diximus,
355 278 614 336 inquantum
662 277 799 322 homo
847 290 927 331 est,
964 277 1206 335 diligendus
1255 289 1318 320 est
1366 288 1541 335 propter

110 350 310 394 Deum.»
345 375 404 380 —
437 350 552 392 Huic
585 362 859 407 argumento,
895 349 1014 408 quod
1038 350 1320 408 praecipuum
1352 361 1434 402 est,
1459 347 1540 391 ali-

109 434 215 480 quot
248 420 448 465 addimus
484 415 854 466 confirmationes,

227 492 281 536 ΙΙ.
316 492 376 535 Ut
409 504 564 535 notum
598 491 677 535 fert
711 492 910 549 adagium
947 491 1029 551 (1),
1083 509 1103 532 «
1136 491 1251 534 vitiis
1285 505 1416 534 nemo
1450 490 1552 534 sine⁴

106 564 312 608 nascitur:
347 565 540 622 optimus
576 563 646 607 ille
680 577 758 621 est,
783 565 856 622 qui
881 565 1074 607 minimis
1108 576 1300 621 urgetur.
1325 581 1347 602 »
1390 563 1540 616 Quare

107 638 141 680 si
174 637 235 680 fas
268 649 395 693 esset,
429 651 516 680 non
551 635 727 694 quidem
760 638 878 694 vitia,
905 636 979 680 sed
1003 638 1148 694 ipsum
1181 634 1407 678 hominem
1441 648 1539 692 pro-

105 722 200 766 pter
222 709 326 751 vitia
357 709 459 752 odio
494 707 665 761 habere,
700 707 841 750 nullus
866 707 1039 751 tandem
1073 719 1186 751 esset
1218 707 1371 759 homo,
1408 720 1539 764 quem

106 795 248 823 amare
281 792 541 823 teneremur.
581 781 808 834 «Vivitur,
843 793 888 823 ut
920 780 1093 823 Tullius
1128 780 1184 822 ait
1217 778 1303 837 (2),
1327 793 1417 821 non
1441 792 1539 820 cum

106 850 306 909 perfectis
340 851 590 895 hominibus
630 852 838 910 pleneque
888 850 1168 910 sapientibuS,
1203 850 1277 894 sed
1326 865 1425 893 cum
1474 849 1540 901 iis,

109 925 154 967 in
188 923 344 981 quibus
379 923 591 981 praeclare
625 925 766 981 agitur
799 925 835 967 si
868 937 969 967 sunt
1002 922 1229 966 simulacra
1262 921 1483 965 virtutis.»

224 997 299 1040 III.
333 995 444 1039 Illud
478 997 606 1039 etiam
642 996 927 1040 animadverti
971 1008 1126 1054 potest,
1160 996 1383 1038 neminem
1431 1009 1541 1051 esse,

106 1070 179 1127 qui
213 1085 264 1112 ex
296 1069 411 1112 malo
445 1069 583 1112 bonus
617 1068 707 1112 fieri
741 1081 938 1127 nequeat,
973 1081 1013 1112 et
1046 1069 1103 1111 ita
1133 1067 1287 1123 bonuS‚
1311 1079 1357 1110 ut
1388 1066 1542 1110 nobis-

107 1156 206 1184 cum
241 1142 296 1183 sit
330 1141 374 1183 in
406 1153 627 1184 aeternum
662 1142 759 1184 Deo
803 1140 1028 1184 fruiturus.
1071 1138 1140 1183 Ad
1188 1154 1278 1182 rem
1314 1155 1346 1181 s.
1381 1140 1539 1195 Augu-

105 1213 244 1256 stinus
279 1212 364 1270 (3):
402 1230 424 1251 «
448 1213 641 1266 Utinam,
677 1213 749 1270 qui
797 1227 876 1254 nos
926 1211 1061 1255 modo
1110 1223 1320 1264 exercent,
1356 1224 1539 1253 conver-

104 1296 247 1327 tantur
270 1296 311 1326 et
333 1283 561 1326 nobiscum
586 1296 877 1327 exerceantur.
906 1284 1091 1336 Tamen,
1113 1281 1321 1340 quamdiu
1344 1282 1400 1324 ita
1423 1293 1550 1338 sunt,.

104 1368 151 1399 ut
184 1367 422 1412 exerceant,
456 1370 544 1398 non
579 1370 651 1398 eos
687 1354 922 1409 oderimu53
950 1355 1048 1412 quia
1081 1355 1122 1396 in
1157 1369 1223 1410 eo,
1246 1352 1366 1411 quod
1399 1351 1538 1396 malus

102 1442 166 1472 est
198 1429 294 1487 quis
329 1443 499 1483 eorum,
523 1440 672 1470 utrum
708 1443 845 1485 usque
879 1428 920 1469 in
944 1426 1076 1469 finem
1110 1437 1458 1483 perseveraturus
1483 1425 1538 1467 sit

39 1490 41 1492 i
99 1501 370 1557 ignoramus.
405 1500 457 1543 Et
491 1499 762 1557 plerumque,
798 1514 896 1542 cum
931 1497 1005 1541 tibi
1049 1498 1207 1541 videris
1256 1497 1400 1541 odisse
1449 1498 1537 1540 ini-

98 1573 278 1625 micum,
314 1571 487 1615 fratrem
522 1570 668 1623 odisti,
704 1586 744 1614 et
776 1571 973 1614 nescis.»

219 1644 359 1687 Porro
393 1642 445 1686 ad
478 1642 704 1686 solvendas
755 1642 1040 1696 difficultates,
1075 1653 1241 1699 praeter
1288 1640 1538 1684 distinctio-

101 1731 201 1759 nem
236 1716 318 1758 iam
354 1714 583 1758 adductam
618 1715 730 1758 inter
762 1724 964 1758 naturam
997 1727 1038 1758 et
1071 1715 1236 1768 vitium,
1270 1714 1373 1758 haec
1407 1715 1537 1758 etiam

103 1800 204 1831 sunt
237 1786 553 1845 perpendenda.
576 1812 633 1821 —
669 1792 711 1831 α)
747 1787 924 1829 Mutuae
959 1785 1200 1830 dilectionis
1224 1785 1419 1829 officium
1447 1802 1536 1829 non

102 1859 301 1917 impedit,
337 1860 573 1917 quominus
609 1859 756 1902 debito
791 1858 926 1901 modo
960 1859 1116 1902 iustam
1150 1859 1447 1903 restitutionem
1471 1860 1542 1903 vel'

101 1931 418 1990 satisfactionem
443 1947 463 1973 a
487 1931 688 1988 proximo
713 1932 855 1988 exigas
879 1930 963 1989 (4).
989 1956 1044 1964 —
1068 1929 1116 1989 β)
1141 1931 1375 1988 Distingue
1405 1932 1534 1975 etiam

103 2003 214 2046 inter
247 2001 524 2046 dilectionem
554 2017 808 2046 communem
833 2014 873 2045 et
897 2001 1175 2045 dilectionem
1198 2003 1408 2060 specialem
1431 2003 1536 2046 ami-

104 2074 223 2118 citiae
256 2089 332 2117 seu
367 2073 679 2118 familiaritatis.
714 2076 926 2132 Apposite
949 2090 980 2118 S.
1007 2073 1208 2118 Thomas
1241 2075 1326 2134 (5):
1364 2095 1385 2116 ‹<
1406 2077 1546 2120 Duo-

193 2294 251 2339 (1)
276 2295 328 2330 Ex
355 2296 520 2338 Horatio,
548 2296 623 2332 Sat.
650 2296 674 2330 1.
707 2305 736 2340 3.

194 2354 250 2400 (2)
275 2354 331 2389 De
357 2355 419 2390 off.
446 2355 474 2390 Ι.
508 2364 560 2398 15.

195 2414 250 2461 (3)
279 2415 404 2450 Enarr.
430 2416 468 2450 in
496 2427 548 2462 ps.
578 2424 632 2459 54.

195 2474 252 2521 (4)
280 2474 373 2510 Vide
402 2487 455 2519 ea,
484 2486 574 2522 quae
601 2476 673 2511 iarn
701 2487 819 2522 super.
847 2476 1006 2512 diximus
1032 2477 1075 2512 de
1100 2476 1259 2513 vindicta
1285 2478 1323 2512 in
1342 2477 1432 2514 thesi
1453 2478 1533 2513 VII.

127 2545 146 2568 a
176 2561 184 2568 .
256 2562 264 2570 .

101 2544 122 2579 p
150 2545 174 2579 g
194 2543 248 2639 (ἓξ
271 2594 312 2628 In
339 2602 442 2630 tract.
471 2594 515 2630 de
543 2593 620 2630 dec.
646 2605 765 2641 praec.
798 2594 871 2632 Cfr.
899 2598 1005 2632 etiam
1032 2607 1062 2633 2.
1091 2608 1123 2633 2.
1150 2609 1184 2645 q.
1214 2607 1271 2643 25.
1302 2609 1333 2634 a.
1359 2598 1390 2634 8.
