1737 2802
861 137 1128 180 ,140-

279 217 377 261 ideo
400 230 441 260 te
463 218 634 261 vovisse
668 219 898 276 poeniteat,
920 220 1058 264 immo
1081 220 1218 278 gaude
1240 221 1326 264 iam
1348 220 1423 265 tibi
1446 237 1536 266 non
1558 222 1702 282 licere,

278 288 395 346 quod
429 304 526 330 cum
561 302 636 332 tuo
670 288 931 333 detrimento
964 290 1166 335 licuisset.
1190 291 1440 350 Aggredere
1472 293 1617 352 itaque
1639 295 1703 337 in-

278 359 486 417 trepiduS‚
520 373 560 403 et
594 360 703 404 dicta
735 361 863 419 imple
896 361 1038 405 factis:
1087 363 1177 421 ipse
1225 363 1455 418 adiuvabit,
1493 366 1566 423 qui
1599 378 1701 409 vota

277 445 348 475 tua
382 432 556 489 expetit.
605 432 721 476 Felix
754 446 817 476 est
850 435 1094 491 necessitas,
1143 450 1250 493 quae
1282 436 1325 479 in
1359 435 1538 479 meliora
1579 452 1705 481 com-

278 502 446 561 pellit.»
486 503 593 546 Item
632 504 721 547 Leo
749 505 861 562 Papa
895 505 979 564 (1):
1021 506 1103 550 «Si
1128 506 1315 550 humana
1347 520 1466 566 pacta
1489 522 1577 552 non
1601 523 1705 566 pos-

276 588 375 618 sunt
409 576 586 634 impune
621 576 780 630 calcari,
814 576 917 634 quid
966 579 1025 620 eis
1074 577 1275 635 manebit,
1309 580 1382 636 qui
1431 581 1702 638 corruperint

276 647 449 691 foedera
482 648 615 691 divini
650 649 941 692 sacramenti?
964 665 983 688 »

394 721 548 764 Dices:
597 720 799 777 obligatio
847 735 935 763 non
969 733 1111 779 potest
1145 722 1247 764 oriri
1293 722 1374 764 nisi
1423 738 1444 766 a
1491 721 1586 780 lege
1633 723 1700 766 vel

272 793 408 850 ipsius
441 793 522 836 Dei
554 791 620 835 vel
653 793 886 849 superioris
930 791 1146 850 loquentis
1194 795 1371 836 nomine
1422 794 1519 838 Dei.
1570 795 1703 852 Atqui

272 877 426 908 votum
459 879 597 922 neque
630 876 692 907 est
724 862 794 906 lex
827 865 926 920 Dei,
951 879 1091 922 neque
1112 864 1182 908 lex
1215 866 1451 923 superioris
1482 864 1700 924 loquentis

272 939 449 982 nomine
484 937 584 989 Dei,
620 936 694 979 sed
727 950 790 979 est
812 936 879 979 lex
911 936 1101 979 hominis
1135 938 1312 995 privata.
1344 938 1461 995 Ergo
1495 937 1702 995 obligatio

270 1025 359 1053 non
394 1020 535 1067 potest
571 1024 591 1050 a
622 1021 726 1051 voto
760 1007 992 1051 dimanare.
1026 1035 1083 1041 —
1116 1008 1392 1067 Respondeo:
1427 1010 1507 1052 etsi
1548 1021 1702 1052 votum

273 1082 357 1125 dici
380 1081 513 1124 soleat
545 1080 611 1123 lex
633 1080 824 1123 hominis
858 1081 1032 1138 privata,
1056 1094 1200 1125 tamen
1223 1081 1292 1124 hic
1314 1080 1519 1139 loquendi
1543 1080 1704 1125 modus

272 1167 350 1211 est,
384 1166 431 1196 ut
464 1165 590 1211 patet,
624 1153 903 1211 improprius,
935 1152 1092 1211 Neque
1129 1154 1259 1208 enim,
1292 1153 1328 1196 si
1371 1155 1536 1212 proprie
1582 1152 1703 1212 loqui

270 1225 469 1279 velimus,
502 1238 655 1268 votum
689 1237 751 1268 est
784 1224 863 1279 leit,
891 1224 965 1268 sed
989 1237 1051 1268 est
1078 1227 1313 1283 promissio,
1348 1238 1394 1268 ut
1428 1241 1479 1269 ex
1500 1226 1591 1284 ipsa
1612 1226 1703 1270 voti

269 1297 502 1352 definitione
534 1309 725 1341 constat:
774 1295 880 1340 facta
927 1310 1071 1340 autem
1105 1298 1409 1355 promissione,
1442 1297 1509 1342 lex
1557 1297 1703 1342 divina

271 1369 460 1428 positiva
491 1381 616 1426 atque
650 1369 779 1411 etiam
811 1368 1013 1412 naturalis
1047 1367 1206 1426 obligat
1239 1368 1291 1412 ad
1339 1368 1398 1427 id,
1430 1369 1549 1428 quod
1599 1383 1701 1414 voto

270 1442 540 1500 promissum
573 1454 651 1498 est,
684 1439 967 1494 reddendum,
1001 1440 1217 1499 siquidem
1251 1441 1336 1484 iarn
1368 1441 1412 1484 id
1433 1442 1617 1500 pertinet
1648 1441 1701 1486 ad

271 1513 552 1557 reverentiam
586 1513 682 1555 Deo
717 1511 902 1555 debitam
935 1511 1018 1570 (2).
1052 1537 1109 1546 —
1141 1512 1585 1557 Animadvertendum
1629 1525 1699 1558 ta-

272 1601 370 1629 men
406 1597 483 1642 est‚
516 1582 842 1641 obligationem,
875 1599 1002 1642 quam
1036 1583 1103 1627 lex
1135 1583 1277 1628 divina
1310 1598 1622 1644 consequenter
1649 1586 1700 1630 ad

270 1670 426 1700 votum
460 1657 661 1714 imponit,
695 1654 990 1713 accipiendam
1026 1671 1118 1699 esse
1153 1658 1274 1700 iuxta
1313 1657 1576 1701 intentionem
1617 1673 1698 1702 vo-

266 1731 407 1774 ventis.
443 1728 556 1771 Hinc
588 1743 620 1771 s.
657 1727 858 1771 Thomas
892 1726 952 1784 (3)
986 1726 1090 1770 haec
1111 1727 1249 1772 habet:
1275 1746 1298 1769 «
1323 1729 1369 1773 Si
1391 1729 1435 1772 in
1458 1729 1697 1774 intentione

267 1815 311 1847 et
341 1801 563 1845 voluntate
596 1800 790 1843 voventis
824 1812 887 1843 est
909 1799 1100 1857 obligare
1121 1816 1166 1844 se
1188 1799 1240 1844 ad
1260 1801 1400 1844 statim
1423 1800 1701 1859 solvendum,

268 1887 439 1918 tenetur
471 1873 614 1917 statim
648 1872 824 1915 solvere.
859 1872 936 1915 Sin
969 1885 1110 1915 autem
1145 1871 1201 1915 ad
1240 1880 1393 1916 certum
1429 1881 1582 1931 tempus
1627 1872 1696 1917 vel

268 1946 342 1991 sub
373 1954 481 1990 certa
514 1944 755 1997 conditione,
789 1959 875 1987 non
910 1944 1054 1987 statim
1086 1956 1255 1987 tenetur
1285 1943 1469 1988 solvere:
1501 1943 1575 1988 sed
1617 1960 1696 1989 nec

270 2017 393 2062 debet
424 2016 590 2061 tardare
624 2015 732 2059 ultra
765 2031 893 2074 quam
929 2015 1108 2059 intendit
1141 2031 1185 2060 se
1217 2015 1421 2073 obligare.
1455 2034 1479 2055 »

391 2103 459 2146 33.
491 2089 742 2134 SCHOLton.
770 2088 966 2141 Quaeres
999 2088 1187 2145 tandem,
1220 2100 1366 2132 utrum
1399 2087 1502 2132 haec
1536 2102 1693 2133 conse-

268 2178 405 2221 quens
439 2161 642 2220 obligatio
676 2163 764 2205 voti
799 2161 891 2205 tolli
915 2175 985 2206 aut
1019 2178 1181 2206 cessare
1214 2179 1422 2222 umquam
1446 2165 1615 2222 possit?
1639 2191 1692 2198 -—

363 2411 417 2455 (1)
444 2411 510 2456 Ep.
535 2420 604 2456 90„
631 2410 678 2445 al.
708 2419 781 2456 92..
808 2409 852 2444 ad
878 2411 1014 2446 Rustic.
1045 2423 1078 2447 c.
1104 2421 1154 2454 14.

363 2470 420 2515 (2)
445 2468 500 2504 Cf.
526 2469 669 2511 Suarez,
695 2469 737 2504 de
762 2478 852 2504 voto
878 2469 899 2504 1.
927 2470 970 2505 V.
999 2481 1027 2505 c.
1061 2481 1089 2514 3.
1116 2482 1217 2505 num.
1248 2481 1276 2506 1.
1307 2470 1365 2506 Cf.
1401 2480 1520 2516 super.
1547 2468 1623 2505 vol.
1660 2481 1694 2508 x.

266 2528 356 2565 thes.
386 2529 477 2564 XLI.
507 2540 586 2575 pag.
622 2538 698 2573 337.

361 2590 413 2633 (3)
440 2589 594 2632 Quaest.
622 2589 692 2624 iam
720 2591 777 2625 cit.
805 2599 869 2625 art.
895 2601 929 2635 3.
956 2590 998 2625 ad
1029 2596 1082 2634 3¹².
