1737 2802
240 232 296 268 50.
323 223 644 261 Demonstratio.
670 246 710 250 -
739 226 802 261 Est
828 227 1029 262 necessaria
1071 227 1106 262 in
1144 226 1339 273 hypothesi
1376 226 1454 262 ele-

332 284 490 319 vationis
516 285 668 321 humani
693 288 838 333 generis
863 287 906 322 ad
933 287 1043 323 finem
1062 287 1387 334 supernaturalem.
1407 307 1452 315 —

332 342 484 388 Semper
510 353 629 379 autern
657 355 711 381 est
739 345 836 380 utilis
870 356 977 393 atque
1015 347 1181 393 apprime
1217 347 1453 382 conveniens.

335 420 379 427 —
406 402 442 436 S.
468 402 638 439 Thomae
664 403 731 439 hac
759 405 802 440 de
829 416 866 440 re
893 406 1058 441 doctrina
1063 433 1410 443 .......
1466 434 1476 442 .
1524 407 1574 444 ib.

240 471 295 505 51.
320 461 529 498 Scholion.
554 483 601 489 —-
627 464 748 507 Quam
775 466 958 511 sapienter
983 467 1083 501 Deus
1109 466 1215 500 nobis
1241 466 1384 501 differat
1410 466 1454 501 ad

333 519 490 556 futuram
518 522 628 557 vitam
656 524 908 571 cognitionem
940 513 1139 571 perfectam
1178 525 1451 571 mysteriorum,

334 591 423 626 quae
451 580 598 617 revelat.
666 610 1448 625 ..............
1499 593 1572 620 200

137 636 323 681 Thaeis
355 639 498 682 XVII.
532 666 587 672 —
621 641 827 685 Revelatio
862 642 1039 686 mediata
1070 658 1166 687 suas
1200 643 1331 693 habet,
1366 659 1452 687 eas-

322 725 396 767 que
430 710 684 769 multiplices,
717 716 1016 771 congruentias.
1066 749 1076 758 .
1139 749 1149 758 .
1213 750 1222 758 .
1289 750 1297 758 .
1367 750 1376 759 .
1439 750 1450 760 .
1485 728 1572 772 204

242 789 295 823 52.
323 781 643 819 Demonstratio.
670 805 711 810 —
741 785 832 821 Tres
860 787 1091 833 assignantur
1116 787 1330 834 praecipuae
1357 799 1450 823 con-

334 841 537 876 venientiae
541 869 1447 884 ................
1522 848 1572 884 ib.

236 907 291 943 53·
318 905 528 941 Scholion.
555 925 601 930 —
630 916 657 940 1.
684 906 792 940 Error
818 906 1056 941 rationalismi
1083 926 1122 932 —
1142 907 1448 945 traditionalismi.

332 983 376 989 ——
403 975 433 1000 2.
458 966 515 1000 De
541 965 774 1000 revelationis
813 966 1145 1011 cognoscibilitate:
1176 988 1215 992 -ω
1245 967 1347 1002 cuius
1385 979 1452 1014 ge-

330 1026 425 1059 neris
451 1026 495 1060 sit
522 1025 717 1066 evidentia,
747 1036 836 1071 quae
863 1026 1013 1060 resultat
1040 1037 1083 1060 ex
1110 1027 1207 1062 notis
1237 1037 1299 1061 seu
1339 1027 1448 1062 crite-

330 1084 392 1117 riis
425 1084 567 1119 divinae
602 1084 843 1119 revelationis.
902 1112 1446 1123 ..........
1498 1096 1568 1131 205

237 1149 292 1184 54.
320 1163 343 1167 -—
389 1144 584 1190 Agendum
611 1144 759 1179 tandem
787 1154 839 1179 est
878 1145 922 1179 de
961 1145 1085 1180 debito
1113 1145 1271 1180 divinam
1310 1146 1450 1192 ample-

332 1203 452 1237 ctendi
480 1204 743 1239 revelationem
748 1231 1449 1242 .............
1499 1215 1569 1252 207

134 1259 318 1304 Thesis
340 1262 503 1306 XVIII.
530 1289 582 1295 —
611 1262 800 1320 Officium
825 1264 1094 1322 amplectendi
1114 1265 1401 1308 revelationem
1423 1280 1449 1308 a

319 1334 406 1376 Deo
421 1334 585 1391 factam
618 1337 827 1379 statuitur.
912 1370 921 1379 .
987 1370 995 1378 .
1063 1370 1070 1377 .
1138 1371 1147 1379 .
1210 1371 1220 1380 .
1286 1373 1295 1381 .
1360 1372 1369 1381 .
1433 1371 1443 1381 .
1478 1337 1569 1382 208

235 1412 290 1447 55.
316 1405 639 1442 Demonstratio.
663 1427 699 1430 —
725 1407 822 1449 Quid
851 1418 957 1453 agere
977 1407 1104 1442 debeat
1131 1408 1207 1450 ille,
1228 1408 1287 1455 qui
1313 1407 1449 1444 factum

330 1464 472 1500 divinae
499 1465 694 1501 locutionis
721 1475 822 1500 certo
860 1467 1064 1511 cognoscit:
1094 1487 1140 1492 —
1167 1467 1251 1514 quid
1291 1467 1363 1510 ille,
1391 1468 1450 1514 qui

328 1524 374 1558 de
399 1524 463 1559 tali
490 1524 588 1560 facto
616 1524 765 1560 dubitat.
793 1544 836 1551 —
865 1525 1104 1560 Obiectiones
1131 1526 1448 1562 rationalistarum.
1521 1526 1570 1563 ib.

136 1580 171 1626 ς.
197 1581 260 1618 IV:
291 1583 337 1617 De
361 1583 525 1630 religione
551 1585 707 1618 naturali
733 1595 773 1619 ac
804 1585 957 1619 revelata
961 1612 1448 1621 .........
1498 1595 1569 1622 210

133 1640 318 1686 Thesis
351 1643 473 1686 XIX.
509 1667 566 1676 —
600 1645 662 1687 De
711 1644 926 1687 existentia
974 1644 1179 1700 religionis
1227 1645 1449 1701 naturalis,

316 1714 441 1772 deque
469 1715 738 1773 possibilitate
772 1724 808 1758 et
839 1715 1118 1758 convenientia
1150 1715 1355 1772 religionis
1385 1731 1447 1758 re-

313 1784 1567 1830 velatae..............ib.

235 1855 289 1899 56.
315 1857 630 1894 Praenotiones.
656 1876 705 1884 —-
731 1857 930 1901 Quodnam
958 1857 1000 1891 sit
1034 1865 1185 1902 etymon
1223 1857 1337 1898 vocis,
1364 1857 1447 1892 reli·

328 1918 402 1963 gio:
432 1937 472 1942 —
500 1928 678 1963 quaenam
707 1916 754 1950 sit
778 1916 855 1950 eius
882 1916 934 1950 vis
962 1925 996 1950 et
1030 1916 1207 1962 acceptio.
1236 1938 1272 1941 -—
1302 1916 1447 1963 Religio

328 1974 496 2010 dividitur
537 1975 571 2009 in
610 1974 814 2009 naturalem
855 1983 888 2009 et
926 1973 1135 2009 revelatam.
1166 1993 1210 2000 —
1244 1974 1449 2020 Religionis

328 2034 463 2080 duplex
491 2044 542 2069 est
570 2045 664 2080 pars:
705 2053 750 2060 —
790 2033 1006 2075 theoretica,
1046 2034 1240 2069 continens
1278 2035 1447 2069 veritates

328 2094 525 2130 credendas
549 2114 598 2121 -
624 2095 792 2140 practica,
819 2094 1010 2128 continens
1042 2094 1205 2128 actiones
1244 2093 1444 2140 ponendas.
1518 2093 1567 2130 ib.

232 2166 288 2200 57.
314 2155 636 2190 Demonstratio.
658 2174 697 2178 ——
721 2165 747 2188 1.
776 2154 973 2188 Existentia
992 2153 1180 2200 religionis
1201 2154 1386 2190 naturalis:
1401 2173 1446 2181 -

327 2215 404 2249 eius
422 2213 648 2260 profitendae
666 2212 879 2247 universalis
899 2213 1088 2259 obligatio,
1108 2233 1148 2239 -
1171 2224 1202 2249 2.
1221 2214 1448 2249 Possibilitas

325 2285 365 2308 ac
403 2272 658 2308 convenientia
696 2272 886 2319 religionis
924 2271 1117 2307 revelatae:
1145 2292 1191 2297 —
1217 2273 1295 2308 eius
1332 2272 1447 2318 profi-

324 2333 465 2374 tendae,
493 2332 522 2366 si
548 2344 568 2366 a
595 2332 675 2367 Deo
702 2332 854 2367 naturali
880 2332 1051 2378 religioni
1088 2332 1361 2378 superaddatur,
1390 2343 1445 2366 ar-

326 2393 485 2427 ctissima
512 2392 703 2437 obligatio.
778 2417 1446 2428 ............
1498 2401 1565 2428 212

231 2451 283 2497 58.
311 2452 523 2487 Scholion.
547 2469 592 2476 —-
618 2449 844 2485 Refelluntur
869 2459 1065 2496 systemata
1094 2470 1137 2476 —
1163 2451 1205 2485 de
1231 2451 1444 2486 autonomia

326 2512 361 2545 in
387 2511 538 2557 negotio
565 2508 752 2556 religionis
771 2529 815 2536 -
834 2510 878 2544 de
907 2509 1147 2546 indifferentia
1168 2512 1262 2545 circa
1289 2510 1447 2546 diversas

325 2570 534 2617 religiones.
602 2595 1443 2606 ...............
1517 2569 1568 2606 ib.

130 2630 395 2674 AR'rl'CULL’s
428 2630 482 2674 II.
515 2653 572 2662 -
605 2629 668 2672 De
714 2627 852 2686 officiis
900 2629 1074 2673 hominis
1115 2644 1208 2687 erga
1253 2631 1440 2687 seipsum.
1477 2641 1560 2685 215
