1737 2802
654 114 917 156 ,125-

76 200 184 240 citur
212 197 421 255 politicus,
456 196 703 253 superiores
737 196 1039 254 principesque
1083 195 1313 249 humanos,
1348 207 1499 253 utpote

74 267 297 310 ministros
331 267 428 310 Dei.
461 291 518 299 —
550 266 746 309 Iamvero
780 266 991 323 imagines
1026 265 1107 308 coli
1152 277 1333 323 possunt
1382 264 1498 308 cultu

73 353 163 382 non
196 336 372 396 quidem
405 337 601 391 absoluto,
624 336 699 380 sed
722 337 889 381 relativo
914 336 965 380 ad
988 336 1098 391 illos,
1123 352 1232 395 quos
1256 351 1498 395 repraesen-

73 421 181 462 tant,
215 424 290 452 seu
325 408 374 452 ad
407 420 690 466 prototypon.
716 409 761 452 Si
786 420 1054 467 prototypon
1087 409 1141 452 sit
1165 409 1347 466 dignum
1383 407 1498 451 cultu

72 480 216 524 latriae
248 479 460 537 absoluto,
494 481 640 537 imago
674 479 851 523 colenda
884 481 963 523 erit
995 479 1110 524 cultu
1158 479 1303 523 latriae
1347 495 1497 538 respe-

74 554 201 597 ctivo:
236 554 314 596 erit
352 565 497 596 autern
532 552 708 596 colenda
742 553 858 595 cultu
893 551 1031 596 duliae
1063 564 1134 595 aut
1181 551 1295 595 cultu
1344 551 1499 610 hyper-

74 625 212 669 duliae
245 637 316 668 aut
351 624 463 668 cultu
498 623 676 682 politico
710 625 967 682 respectivo‚
993 625 1027 667 si
1060 636 1328 682 prototypon
1351 625 1406 667 sit
1428 623 1498 667 di-

72 712 208 755 gnum
241 696 547 740 tantummodo
582 695 696 738 cultu
721 695 859 739 duliae
892 709 962 739 aut
986 695 1099 739 cultu
1124 695 1404 754 hyperduliae
1427 708 1499 739 aut

73 769 188 812 cultu
222 767 402 826 politico
436 766 645 812 absoluto.
679 766 747 810 Ad
779 783 871 810 rem
890 751 936 812 's.
960 767 1158 810 Thomas
1192 768 1267 824 (1):
1307 767 1497 824 «Imago

72 852 215 900 potest
250 839 477 898 dupliciter
511 839 786 897 considerari,
818 839 884 882 vel
919 838 1160 883 secundum
1194 839 1312 898 quod
1346 852 1409 883 est
1431 854 1498 882 res

72 910 297 969 quaedam,
331 923 371 954 et
403 910 463 953 sic
496 909 637 953 nullus
671 909 812 953 honor
854 910 891 953 ei
935 909 1114 954 debetur
1147 911 1270 963 (sicut
1304 925 1381 953 nec
1428 909 1498 953 alii

71 980 199 1039 lapidi
232 982 298 1025 vel
331 981 486 1038 ligno),
519 981 585 1024 vel
619 980 856 1024 secundum
891 980 1008 1040 quod
1044 993 1108 1024 est
1131 982 1288 1039 imago.
1324 982 1376 1025 Et
1399 982 1499 1040 quia

72 1054 187 1097 idem
222 1066 367 1096 motus
401 1066 463 1096 est
496 1054 537 1096 in
572 1054 820 1110 imaginem,
855 1054 1110 1111 inquantum
1147 1065 1210 1097 est
1258 1055 1420 1111 imago,
1458 1065 1499 1096 et

72 1128 114 1170 in
147 1128 449 1184 imaginatum,
483 1124 580 1168 ideo
615 1142 724 1168 unus
758 1126 900 1170 honor
935 1126 1113 1170 debetur
1146 1128 1320 1184 imagini
1371 1139 1412 1170 et
1459 1125 1497 1169 ei

73 1200 194 1242 cuius
228 1211 289 1241 est
322 1199 482 1254 imago:
516 1210 555 1241 et
589 1197 684 1240 ideo
720 1214 817 1240 cum
868 1197 1066 1242 Christus
1115 1198 1316 1242 adoretur
1363 1198 1497 1255 latria,

73 1270 269 1313 similiter
303 1282 343 1312 et
377 1270 469 1312 eius
502 1270 699 1326 imago.»
743 1295 794 1301 --
831 1271 957 1323 Quae
991 1286 1122 1328 porro
1157 1272 1210 1313 sit
1256 1272 1497 1327 imaginum

72 1357 285 1386 sacrarum
323 1341 502 1394 utilitas,
528 1342 670 1398 accipe
705 1357 755 1384 ex
780 1341 933 1384 eodem
967 1342 1178 1398 Angelico
1203 1343 1397 1386 Doctore
1419 1343 1497 1400 (2):

75 1414 213 1457 «Fuit
243 1412 396 1470 triplex
429 1414 536 1455 ratio
581 1413 865 1455 institutionis
914 1414 1154 1469 imaginum
1204 1414 1247 1456 in
1297 1414 1495 1459 Ecclesia.

73 1486 229 1537 Primo,
265 1484 316 1528 ad
350 1485 680 1527 instructionem
715 1485 906 1541 rudium,
940 1486 1012 1542 qui
1050 1486 1110 1527 eis
1150 1486 1270 1543 quasi
1317 1485 1500 1543 quibus-

73 1556 171 1600 dam
204 1556 321 1600 libris
345 1555 593 1599 edocentur.
621 1555 814 1609 Secundo,
838 1568 883 1598 ut
907 1556 1216 1599 Incarnationis
1241 1558 1498 1614 mysterium

73 1640 113 1671 et
146 1628 403 1672 Sanctorum
436 1626 631 1684 exempla
663 1628 798 1683 magis
833 1627 874 1669 in
921 1628 1132 1670 memoria
1179 1640 1337 1683 essent,
1388 1628 1494 1672 dum

72 1698 265 1758 quotidie
299 1698 432 1741 oculis
456 1711 839 1755 repraesentantur.
873 1698 1024 1752 Tertio,
1049 1699 1099 1742 ad
1123 1699 1397 1743 excitandum
1423 1700 1497 1744 de-

69 1772 259 1814 votionis
293 1769 508 1825 affectum,
545 1771 615 1827 qui
649 1785 700 1812 ex
732 1770 834 1813 visis
870 1770 1082 1814 efficacius
1117 1772 1332 1828 incitatur,
1369 1788 1497 1831 quam

71 1858 121 1886 ex
153 1842 321 1886 auditis.
347 1860 370 1881 »

191 1914 316 1970 Satis,
332 1925 375 1956 ut
392 1912 515 1955 nobis
535 1913 719 1970 videtur,
735 1912 897 1956 dictum
913 1926 975 1955 est
994 1913 1044 1956 de
1063 1913 1217 1957 officiis
1238 1930 1335 1972 erga
1351 1915 1497 1958 Deum

71 1983 377 2028 essentialibus.
405 1984 532 2027 Plura
564 1986 693 2041 enim,
719 2000 826 2042 quae
859 1984 956 2028 addi
981 2001 1080 2028 sane
1111 1998 1304 2043 possent,
1339 1986 1410 2029 vel
1444 1986 1495 2030 ad

73 2055 367 2114 Theologiam
402 2057 613 2100 moralem
648 2057 862 2114 pertinent
886 2058 1031 2114 potius
1057 2072 1185 2115 quam
1209 2058 1260 2100 ad
1284 2057 1494 2101 moralem

71 2126 413 2185 Philosophiam,
445 2127 511 2171 vel
544 2126 656 2170 haud
691 2126 862 2170 difficile
896 2140 1078 2186 possunt
1113 2144 1165 2170 ex
1200 2127 1323 2171 dictis
1361 2129 1468 2173 erui.

70 2311 262 2346 intrinseca
289 2310 426 2346 malitia
453 2311 695 2352 idololatriae,
724 2321 760 2347 ut
789 2324 831 2346 ex
859 2312 969 2358 ipsius
998 2311 1209 2347 definitione
1237 2312 1406 2357 constat),
1436 2312 1498 2347 sed

68 2380 254 2417 tamquam
282 2371 419 2406 amicos
446 2371 514 2405 Dei
541 2381 575 2407 et
601 2380 745 2406 nostros
772 2371 863 2417 apud
892 2372 1009 2406 Deum
1037 2372 1302 2407 intercessores.
1331 2372 1377 2407 Et
1403 2371 1491 2406 hinc

71 2442 134 2467 eos
160 2431 313 2466 colimus
337 2431 448 2473 cultu,
478 2443 552 2466 non
579 2432 717 2474 latriae,
748 2432 806 2479 qui
833 2431 898 2466 soli
926 2433 1006 2467 Deo
1035 2441 1236 2467 reservatus
1263 2442 1326 2475 est,
1346 2432 1407 2467 sed
1436 2431 1499 2466 du-

70 2489 139 2526 Eae
165 2500 225 2526 aut
251 2490 500 2537 hyperduliae.

165 2550 218 2597 (ι)
243 2551 285 2584 In
313 2562 343 2596 3.
369 2560 459 2586 sent.
488 2550 520 2585 d.
546 2562 579 2597 9.
607 2563 640 2598 q.
673 2561 699 2585 1.
726 2562 755 2586 a.
786 2561 816 2584 2.
845 2551 912 2586 sol.
939 2561 971 2586 2.

165 2609 219 2657 (2)
246 2610 334 2645 Loc.
362 2621 457 2645 nunc
488 2612 546 2646 cit.
