1737 2802
836 124 1074 177 ...95—

238 229 407 258 sontem
441 215 524 273 (1),
559 215 629 273 qui
664 214 801 258 scelus
838 218 1108 274 perpetravit.
1143 241 1200 250 —
1223 216 1429 262 Defensio
1454 219 1590 264 tendit
1615 220 1671 264 ad

239 286 488 329 rctinendnm
523 286 684 329 bonum
715 287 945 344 proprium:
981 300 1022 330 et
1057 287 1237 345 proinde
1272 287 1354 342 ille,
1403 290 1476 347 qui
1519 289 1666 334 defen-

238 358 359 400 sione
393 358 540 413 utitur,
577 372 662 399 non
688 357 858 400 intendit
883 358 1042 401 malum
1071 358 1316 416 physicum,
1336 360 1455 418 quod
1478 376 1664 419 aggres-

238 428 325 470 sori
359 426 498 480 infert,
532 427 606 470 sed
635 429 849 485 pn‘mittit.
906 430 1080 472 Punitio
1124 429 1258 473 tendit
1304 430 1356 474 ad
1405 430 1669 476 obtinendum

236 498 399 541 bonum
434 499 746 541 restaurationis
780 499 941 541 ordinis
977 499 1166 554 moralis,
1201 516 1331 558 quem
1366 502 1530 546 crimen
1558 498 1671 546 ⁴vio--

237 568 350 612 lavit:
385 582 424 612 et
459 568 637 625 proinde
671 569 753 622 ille,
776 571 849 627 qui
884 571 1020 627 punit,
1045 571 1214 614 intendit
1240 571 1400 615 malum
1420 571 1671 630 physicum,
1706 569 1708 572 ¹

240 640 356 697 quod
390 655 463 682 reo
498 638 640 697 infert,
674 655 759 683 non
797 642 973 698 quidem
1008 654 1054 684 ut
1082 641 1226 700 finem,
1275 642 1349 685 sed
1398 654 1444 686 ut
1493 643 1672 687 medium

241 711 291 754 ad
326 711 428 754 illud
463 711 843 768 redintegrationis
879 711 1043 754 bonum
1079 713 1450 771 consequendum.
1495 739 1552 747 —
1586 715 1674 758 De-

242 782 379 825 fensio
413 798 501 824 non
536 783 843 839 praesupponit
880 798 994 839 euni,
1029 783 1101 839 qui
1135 781 1250 825 illam
1283 795 1470 840 exercet,
1518 783 1674 827 habere

241 856 524 898 auctoritatem
572 869 647 896 seu
699 853 1021 896 iurisdictionem
1063 855 1105 896 in
1147 854 1341 912 alterum,
1388 855 1455 898 cui
1509 855 1674 899 malurn

242 925 381 969 infert.
417 925 592 968 Punitio
641 942 662 967 e
710 926 924 968 contrario
974 925 1100 968 talem
1145 927 1494 983 superioritatem
1545 943 1675 985 prae-—

243 997 389 1053 exigit.

362 1067 598 1110 Restitutio
633 1082 707 1109 seu
743 1067 954 1124 reparatio
989 1066 1150 1123 damni,
1200 1067 1269 1111 illa
1315 1069 1443 1111 etiam
1491 1083 1598 1126 quae
1650 1084 1675 1111 a

244 1138 355 1181 civili
389 1139 640 1181 auctoritate
675 1139 926 1194 imponitur,
960 1164 1018 1171 —
1051 1139 1264 1182 actionem
1284 1140 1537 1184 iniuriosam
1563 1155 1673 1183 con-

242 1209 411 1266 siderat,
445 1222 576 1267 prout
609 1226 655 1252 ea
689 1222 751 1252 est
784 1211 906 1253 laesio
943 1212 1046 1253 inris
1080 1226 1154 1253 seu
1203 1211 1305 1253 iusti
1349 1210 1477 1255 alieni
1529 1237 1579 1243 —
1634 1223 1679 1254 et

243 1294 360 1324 actus
393 1293 457 1324 est
492 1281 673 1324 iustitiae
708 1284 1034 1325 commutati-vae.
1070 1282 1246 1325 Punitio
1281 1294 1424 1325 autem
1458 1283 1672 1326 actionem

242 1354 497 1395 iniuriosam
531 1366 706 1410 spectat,
740 1366 869 1410 prout
904 1369 951 1396 ea
984 1366 1046 1395 est
1078 1353 1242 1396 violatio
1277 1353 1372 1411 legis
1406 1365 1447 1396 et
1473 1366 1675 1397 contem-

243 1437 342 1482 ptus
376 1424 631 1481 legislatoris
667 1450 719 1455 —
755 1436 795 1467 et
830 1437 946 1467 actus
982 1436 1044 1467 est
1078 1425 1264 1467 iustitiae
1285 1424 1565 1468 vindicativae
1583 1423 1678 1483 (2),

245 1511 353 1554 quae
387 1512 508 1539 secus
542 1511 588 1538 ac
620 1497 928 1539 commutatim
961 1497 1196 1553 praeexigit
1229 1497 1579 1554 superioritatem
1628 1498 1672 1539 in

247 1582 363 1624 enm,
399 1568 441 1609 in
475 1583 605 1625 quem
640 1579 874 1610 exercetur.

248 1871 311 1906 per
338 1870 429 1905 quae
457 1858 589 1893 amittit
622 1858 700 1904 quis
728 1859 890 1904 corporis
923 1857 1230 1901 incolumitatem,
1251 1858 1450 1893 servitutem
1469 1866 1504 1893 et
1519 1856 1663 1892 vincula

248 1931 309 1965 per
336 1930 426 1965 quae
453 1918 568 1964 perdit
594 1919 810 1960 libertatem,
837 1918 987 1960 exilium,
1015 1929 1077 1963 per
1103 1918 1199 1964 quod
1224 1917 1340 1964 perdit
1368 1917 1536 1964 patriam,
1577 1915 1675 1950 dam·

245 1989 342 2020 num,
373 1989 434 2023 per
460 1977 553 2023 quod
580 1976 695 2024 perdit
735 1977 890 2020 divitias,
926 1978 1166 2023 ignominiam,
1201 1988 1264 2023 per
1299 1988 1406 2024 quam
1442 1976 1559 2023 perdit
1593 1975 1679 2022 glo-

249 2036 341 2071 riam
357 2050 392 2071 ».
1442 2069 1448 2075 ,

347 2096 402 2140 (1)
431 2095 498 2129 Hic
525 2106 608 2129 usus
627 2095 736 2137 verbi,
752 2094 907 2142 expiare,
925 2094 1101 2140 reperitur
1118 2093 1212 2141 apud
1229 2094 1405 2140 probatos
1414 2101 1591 2128 auctores.
1620 2092 1680 2128 Sic

251 2155 391 2199 Cicero,
417 2156 489 2190 Pis.
521 2164 598 2200 35.⁷
625 2155 686 2191 ait:
707 2155 821 2190 «Tua
846 2155 980 2190 scelera
995 2154 1056 2190 Dii
1075 2153 1303 2190 immortales
1328 2154 1364 2189 in
1385 2162 1531 2189 nostros
1546 2152 1682 2187 milites

252 2215 500 2260 expiaverunt,
515 2226 536 2248 »
563 2213 596 2248 h.
624 2225 655 2248 e.
682 2223 828 2249 nostros
854 2213 988 2248 milites
1016 2213 1217 2260 puniendo.
1244 2233 1290 2240 —
1314 2213 1462 2249 Punitio
1487 2212 1597 2260 (hanc
1612 2211 1681 2246 ad-.

253 2273 338 2307 dam
366 2273 741 2319 animadversionem)
769 2273 916 2308 tendere
943 2273 1053 2308 etiam
1089 2271 1193 2316 solet,
1220 2271 1282 2308 sed
1315 2272 1438 2318 potius
1470 2269 1686 2313 secundario,

253 2334 296 2367 ad
324 2331 599 2379 impediendum
627 2344 672 2368 ne
700 2333 836 2367 crimen
856 2332 924 2378 fiat
951 2332 1077 2366 iterum
1104 2343 1123 2365 a
1151 2342 1213 2367 reo
1240 2330 1298 2367 vel
1339 2331 1383 2366 ab
1423 2330 1518 2366 aliis.
1559 2330 1603 2366 Et
1627 2329 1681 2365 sic

252 2405 371 2440 poena
398 2402 451 2428 est
477 2405 583 2439 saepe
610 2404 685 2428 non
711 2393 824 2427 modo
852 2392 1057 2439 expiatoria.
1085 2391 1147 2427 sed
1175 2391 1284 2427 etiam
1311 2389 1525 2426 medicinalis
1550 2397 1585 2424 et
1622 2398 1684 2424 ex-

255 2452 428 2499 emplaris.
449 2450 506 2487 Cf.
533 2463 652 2497 super.
680 2451 754 2487 vol.
785 2452 811 2486 1.
839 2451 929 2486 thes.
957 2450 1087 2486 XLVI.
1117 2461 1202 2497 pag.
1234 2449 1338 2496 365.‚
1367 2450 1427 2485 ubi
1453 2448 1498 2484 de
1523 2446 1682 2484 sanctio-

253 2523 299 2546 ne
327 2511 418 2558 legis
443 2511 617 2546 naturalis
643 2511 755 2546 locuti
784 2521 920 2546 sumus.

347 2571 403 2618 (2)
428 2572 565 2607 Iustitia
588 2570 805 2606 vindicativa
832 2579 885 2605 est
912 2570 986 2612 illa,
1013 2580 1103 2617 quae
1130 2569 1284 2606 inclinat
1309 2568 1517 2616 Principem
1530 2566 1576 2603 ad
1596 2575 1683 2603 son·
