<?xml version="1.0" encoding="UTF-8"?>
<!DOCTYPE html PUBLIC "-//W3C//DTD XHTML 1.0 Transitional//EN"
    "http://www.w3.org/TR/xhtml1/DTD/xhtml1-transitional.dtd">
<html xmlns="http://www.w3.org/1999/xhtml" xml:lang="en" lang="en">
 <head>
  <title>
</title>
<meta http-equiv="Content-Type" content="text/html;charset=utf-8" />
  <meta name='ocr-system' content='tesseract 3.04.00' />
  <meta name='ocr-capabilities' content='ocr_page ocr_carea ocr_par ocr_line ocrx_word'/>
</head>
<body>
  <div class='ocr_page' id='page_1' title='image "./institutionesphi02ferr_0062.png"; bbox 0 0 1737 2802; ppageno 0'>
   <div class='ocr_carea' id='block_1_1' title="bbox 1570 0 1737 136">
    <p class='ocr_par' dir='ltr' id='par_1_1' title="bbox 1570 0 1737 136">
     <span class='ocr_line' id='line_1_1' title="bbox 1570 0 1737 136; baseline 0 2666"><span class='ocrx_word' id='word_1_1' title='bbox 1570 0 1737 136; x_wconf 95' lang='lat' dir='ltr'> </span> 
     </span>
    </p>
   </div>
   <div class='ocr_carea' id='block_1_2' title="bbox 784 122 1018 175">
    <p class='ocr_par' dir='ltr' id='par_1_2' title="bbox 784 122 1018 175">
     <span class='ocr_line' id='line_1_2' title="bbox 784 122 1018 175; baseline 0.004 -22"><span class='ocrx_word' id='word_1_2' title='bbox 784 122 1018 175; x_wconf 72' lang='lat'>—56-</span> 
     </span>
    </p>
   </div>
   <div class='ocr_carea' id='block_1_3' title="bbox 183 213 1625 1698">
    <p class='ocr_par' dir='ltr' id='par_1_3' title="bbox 183 213 1625 1541">
     <span class='ocr_line' id='line_1_3' title="bbox 183 213 1611 275; baseline 0.002 -17"><span class='ocrx_word' id='word_1_3' title='bbox 183 216 293 258; x_wconf 78' lang='lat' dir='ltr'>libus</span> <span class='ocrx_word' id='word_1_4' title='bbox 319 214 427 256; x_wconf 64' lang='lat' dir='ltr'>illata</span> <span class='ocrx_word' id='word_1_5' title='bbox 447 213 594 268; x_wconf 75' lang='lat' dir='ltr'>laesio,</span> <span class='ocrx_word' id='word_1_6' title='bbox 614 215 702 257; x_wconf 73' lang='lat' dir='ltr'>sive</span> <span class='ocrx_word' id='word_1_7' title='bbox 723 214 943 258; x_wconf 82' lang='lat' dir='ltr'>inferentis</span> <span class='ocrx_word' id='word_1_8' title='bbox 965 216 1055 259; x_wconf 87' lang='lat' dir='ltr'>sive</span> <span class='ocrx_word' id='word_1_9' title='bbox 1074 215 1244 258; x_wconf 85' lang='lat' dir='ltr'>alterius</span> <span class='ocrx_word' id='word_1_10' title='bbox 1263 215 1335 275; x_wconf 89' lang='lat'>(1)</span> <span class='ocrx_word' id='word_1_11' title='bbox 1351 216 1495 260; x_wconf 89' lang='lat' dir='ltr'>—vel</span> <span class='ocrx_word' id='word_1_12' title='bbox 1512 231 1611 275; x_wconf 88' lang='lat' dir='ltr'>pro-</span> 
     </span>
     <span class='ocr_line' id='line_1_4' title="bbox 187 285 1612 348; baseline 0.004 -21"><span class='ocrx_word' id='word_1_13' title='bbox 187 300 278 344; x_wconf 71' lang='lat' dir='ltr'>pter</span> <span class='ocrx_word' id='word_1_14' title='bbox 297 285 479 343; x_wconf 67' lang='lat' dir='ltr'>aliquam</span> <span class='ocrx_word' id='word_1_15' title='bbox 499 285 878 343; x_wconf 82' lang='lat' dir='ltr'>significationem,</span> <span class='ocrx_word' id='word_1_16' title='bbox 897 287 1006 330; x_wconf 88' lang='lat' dir='ltr'>sicut</span> <span class='ocrx_word' id='word_1_17' title='bbox 1026 287 1262 345; x_wconf 81' lang='lat' dir='ltr'>Apostolus</span> <span class='ocrx_word' id='word_1_18' title='bbox 1281 288 1353 348; x_wconf 88' lang='lat'>(2)</span> <span class='ocrx_word' id='word_1_19' title='bbox 1371 289 1547 347; x_wconf 83' lang='lat' dir='ltr'>exponit</span> <span class='ocrx_word' id='word_1_20' title='bbox 1563 288 1612 332; x_wconf 88' lang='lat' dir='ltr'>il-</span> 
     </span>
     <span class='ocr_line' id='line_1_5' title="bbox 187 357 1612 415; baseline 0.003 -15"><span class='ocrx_word' id='word_1_21' title='bbox 187 357 259 400; x_wconf 91' lang='lat' dir='ltr'>lud</span> <span class='ocrx_word' id='word_1_22' title='bbox 278 358 611 400; x_wconf 80' lang='lat' dir='ltr'>Deuteronomii</span> <span class='ocrx_word' id='word_1_23' title='bbox 630 357 701 415; x_wconf 79' lang='lat'>(3)</span> <span class='ocrx_word' id='word_1_24' title='bbox 718 357 768 400; x_wconf 84' lang='lat' dir='ltr'>de</span> <span class='ocrx_word' id='word_1_25' title='bbox 787 372 875 400; x_wconf 89' lang='lat' dir='ltr'>non</span> <span class='ocrx_word' id='word_1_26' title='bbox 894 357 1068 415; x_wconf 75' lang='lat' dir='ltr'>ligando</span> <span class='ocrx_word' id='word_1_27' title='bbox 1089 374 1163 402; x_wconf 87' lang='lat' dir='ltr'>ore</span> <span class='ocrx_word' id='word_1_28' title='bbox 1182 357 1303 402; x_wconf 78' lang='lat' dir='ltr'>bovis</span> <span class='ocrx_word' id='word_1_29' title='bbox 1322 360 1556 404; x_wconf 88' lang='lat' dir='ltr'>triturantis</span> <span class='ocrx_word' id='word_1_30' title='bbox 1571 377 1612 404; x_wconf 83' lang='lat'>».</span> 
     </span>
     <span class='ocr_line' id='line_1_6' title="bbox 186 423 1612 489; baseline 0.002 -17"><span class='ocrx_word' id='word_1_31' title='bbox 186 430 331 485; x_wconf 75' lang='lat' dir='ltr'>Itaque</span> <span class='ocrx_word' id='word_1_32' title='bbox 367 442 410 470; x_wconf 88' lang='lat' dir='ltr'>ut</span> <span class='ocrx_word' id='word_1_33' title='bbox 443 428 675 471; x_wconf 70' lang='lat' dir='ltr'>adversarii</span> <span class='ocrx_word' id='word_1_34' title='bbox 709 428 866 486; x_wconf 82' lang='lat' dir='ltr'>aliquid</span> <span class='ocrx_word' id='word_1_35' title='bbox 903 443 1049 472; x_wconf 73' lang='lat' dir='ltr'>contra</span> <span class='ocrx_word' id='word_1_36' title='bbox 1084 446 1163 473; x_wconf 90' lang='lat' dir='ltr'>nos</span> <span class='ocrx_word' id='word_1_37' title='bbox 1188 429 1421 485; x_wconf 87' lang='lat' dir='ltr'>efficerent,</span> <span class='ocrx_word' id='word_1_38' title='bbox 1455 423 1544 475; x_wconf 90' lang='lat' dir='ltr'>non</span> <span class='ocrx_word' id='word_1_39' title='bbox 1569 430 1612 489; x_wconf 81' lang='lat' dir='ltr'>id</span> 
     </span>
     <span class='ocr_line' id='line_1_7' title="bbox 186 498 1614 546; baseline 0.002 -4"><span class='ocrx_word' id='word_1_40' title='bbox 186 499 493 542; x_wconf 78' lang='lat' dir='ltr'>tantummodo</span> <span class='ocrx_word' id='word_1_41' title='bbox 541 498 768 542; x_wconf 84' lang='lat' dir='ltr'>ostendere</span> <span class='ocrx_word' id='word_1_42' title='bbox 818 499 1020 544; x_wconf 82' lang='lat' dir='ltr'>deberent</span> <span class='ocrx_word' id='word_1_43' title='bbox 1068 501 1362 545; x_wconf 80' lang='lat' dir='ltr'>crudelitatem</span> <span class='ocrx_word' id='word_1_44' title='bbox 1398 503 1440 545; x_wconf 92' lang='lat' dir='ltr'>in</span> <span class='ocrx_word' id='word_1_45' title='bbox 1491 501 1614 546; x_wconf 83' lang='lat' dir='ltr'>bruta</span> 
     </span>
     <span class='ocr_line' id='line_1_8' title="bbox 187 571 1613 630; baseline 0.003 -17"><span class='ocrx_word' id='word_1_46' title='bbox 187 572 342 614; x_wconf 82' lang='lat' dir='ltr'>merito</span> <span class='ocrx_word' id='word_1_47' title='bbox 376 571 606 628; x_wconf 81' lang='lat' dir='ltr'>reprobari,</span> <span class='ocrx_word' id='word_1_48' title='bbox 638 571 714 614; x_wconf 86' lang='lat' dir='ltr'>sed</span> <span class='ocrx_word' id='word_1_49' title='bbox 746 571 844 614; x_wconf 87' lang='lat' dir='ltr'>ideo</span> <span class='ocrx_word' id='word_1_50' title='bbox 879 588 971 614; x_wconf 80' lang='lat' dir='ltr'>eam</span> <span class='ocrx_word' id='word_1_51' title='bbox 1006 573 1232 630; x_wconf 76' lang='lat' dir='ltr'>redargui,</span> <span class='ocrx_word' id='word_1_52' title='bbox 1267 574 1364 630; x_wconf 80' lang='lat' dir='ltr'>quia</span> <span class='ocrx_word' id='word_1_53' title='bbox 1397 582 1455 617; x_wconf 82' lang='lat' dir='ltr'>est</span> <span class='ocrx_word' id='word_1_54' title='bbox 1496 573 1613 617; x_wconf 85' lang='lat' dir='ltr'>iniu-</span> 
     </span>
     <span class='ocr_line' id='line_1_9' title="bbox 186 642 1615 702; baseline 0.001 -16"><span class='ocrx_word' id='word_1_55' title='bbox 186 644 253 687; x_wconf 78' lang='lat' dir='ltr'>ria</span> <span class='ocrx_word' id='word_1_56' title='bbox 287 658 379 698; x_wconf 69' lang='lat' dir='ltr'>erga</span> <span class='ocrx_word' id='word_1_57' title='bbox 413 643 499 699; x_wconf 77' lang='lat' dir='ltr'>ipsa</span> <span class='ocrx_word' id='word_1_58' title='bbox 534 642 669 686; x_wconf 74' lang='lat' dir='ltr'>bruta.</span> <span class='ocrx_word' id='word_1_59' title='bbox 725 643 770 686; x_wconf 89' lang='lat' dir='ltr'>Si</span> <span class='ocrx_word' id='word_1_60' title='bbox 820 644 935 686; x_wconf 85' lang='lat' dir='ltr'>enim</span> <span class='ocrx_word' id='word_1_61' title='bbox 986 644 1141 686; x_wconf 80' lang='lat' dir='ltr'>merito</span> <span class='ocrx_word' id='word_1_62' title='bbox 1194 642 1445 702; x_wconf 83' lang='lat' dir='ltr'>reprobetur</span> <span class='ocrx_word' id='word_1_63' title='bbox 1489 643 1615 702; x_wconf 90' lang='lat' dir='ltr'>ideo,</span> 
     </span>
     <span class='ocr_line' id='line_1_10' title="bbox 187 712 1615 774; baseline 0.003 -19"><span class='ocrx_word' id='word_1_64' title='bbox 187 714 285 771; x_wconf 79' lang='lat' dir='ltr'>quia</span> <span class='ocrx_word' id='word_1_65' title='bbox 317 712 539 756; x_wconf 70' lang='lat' dir='ltr'>efferatum</span> <span class='ocrx_word' id='word_1_66' title='bbox 589 714 783 757; x_wconf 82' lang='lat' dir='ltr'>animum</span> <span class='ocrx_word' id='word_1_67' title='bbox 834 714 1022 757; x_wconf 85' lang='lat' dir='ltr'>ostendit</span> <span class='ocrx_word' id='word_1_68' title='bbox 1057 727 1096 758; x_wconf 87' lang='lat' dir='ltr'>et</span> <span class='ocrx_word' id='word_1_69' title='bbox 1130 715 1284 773; x_wconf 82' lang='lat' dir='ltr'>reddit,</span> <span class='ocrx_word' id='word_1_70' title='bbox 1319 715 1385 758; x_wconf 85' lang='lat' dir='ltr'>Vel</span> <span class='ocrx_word' id='word_1_71' title='bbox 1419 717 1518 774; x_wconf 85' lang='lat' dir='ltr'>quia</span> <span class='ocrx_word' id='word_1_72' title='bbox 1549 728 1615 759; x_wconf 87' lang='lat' dir='ltr'>est</span> 
     </span>
     <span class='ocr_line' id='line_1_11' title="bbox 188 784 1616 845; baseline 0.002 -18"><span class='ocrx_word' id='word_1_73' title='bbox 188 785 343 827; x_wconf 76' lang='lat' dir='ltr'>iniuria</span> <span class='ocrx_word' id='word_1_74' title='bbox 377 785 419 826; x_wconf 90' lang='lat' dir='ltr'>in</span> <span class='ocrx_word' id='word_1_75' title='bbox 444 800 535 839; x_wconf 86' lang='lat' dir='ltr'>eos,</span> <span class='ocrx_word' id='word_1_76' title='bbox 562 800 750 843; x_wconf 87' lang='lat' dir='ltr'>quorum</span> <span class='ocrx_word' id='word_1_77' title='bbox 778 784 976 828; x_wconf 87' lang='lat' dir='ltr'>dominio</span> <span class='ocrx_word' id='word_1_78' title='bbox 1002 785 1126 828; x_wconf 67' lang='lat' dir='ltr'>bruta</span> <span class='ocrx_word' id='word_1_79' title='bbox 1149 785 1405 844; x_wconf 84' lang='lat' dir='ltr'>subduntur,</span> <span class='ocrx_word' id='word_1_80' title='bbox 1428 785 1495 830; x_wconf 88' lang='lat' dir='ltr'>vel</span> <span class='ocrx_word' id='word_1_81' title='bbox 1517 787 1616 845; x_wconf 82' lang='lat' dir='ltr'>quia</span> 
     </span>
     <span class='ocr_line' id='line_1_12' title="bbox 188 855 1617 914; baseline 0.002 -16"><span class='ocrx_word' id='word_1_82' title='bbox 188 857 350 899; x_wconf 77' lang='lat' dir='ltr'>saevire</span> <span class='ocrx_word' id='word_1_83' title='bbox 384 857 424 898; x_wconf 90' lang='lat' dir='ltr'>in</span> <span class='ocrx_word' id='word_1_84' title='bbox 459 855 580 899; x_wconf 76' lang='lat' dir='ltr'>bruta</span> <span class='ocrx_word' id='word_1_85' title='bbox 614 857 703 900; x_wconf 86' lang='lat' dir='ltr'>sine</span> <span class='ocrx_word' id='word_1_86' title='bbox 739 856 822 900; x_wconf 78' lang='lat' dir='ltr'>ulla</span> <span class='ocrx_word' id='word_1_87' title='bbox 855 857 1052 900; x_wconf 74' lang='lat' dir='ltr'>rationali</span> <span class='ocrx_word' id='word_1_88' title='bbox 1089 857 1278 900; x_wconf 83' lang='lat' dir='ltr'>hominis</span> <span class='ocrx_word' id='word_1_89' title='bbox 1325 858 1520 914; x_wconf 82' lang='lat' dir='ltr'>utilitate,</span> <span class='ocrx_word' id='word_1_90' title='bbox 1552 870 1617 902; x_wconf 89' lang='lat' dir='ltr'>est</span> 
     </span>
     <span class='ocr_line' id='line_1_13' title="bbox 188 925 1616 986; baseline 0.001 -16"><span class='ocrx_word' id='word_1_91' title='bbox 188 941 279 970; x_wconf 88' lang='lat' dir='ltr'>non</span> <span class='ocrx_word' id='word_1_92' title='bbox 315 944 336 966; x_wconf 87' lang='lat'><strong><em>«</em></strong></span> <span class='ocrx_word' id='word_1_93' title='bbox 371 927 431 968; x_wconf 83' lang='lat' dir='ltr'>uti</span> <span class='ocrx_word' id='word_1_94' title='bbox 465 942 507 969; x_wconf 87' lang='lat' dir='ltr'>re</span> <span class='ocrx_word' id='word_1_95' title='bbox 541 925 591 969; x_wconf 83' lang='lat' dir='ltr'>ad</span> <span class='ocrx_word' id='word_1_96' title='bbox 625 925 708 969; x_wconf 86' lang='lat' dir='ltr'>hoc</span> <span class='ocrx_word' id='word_1_97' title='bbox 731 927 782 969; x_wconf 80' lang='lat' dir='ltr'>ad</span> <span class='ocrx_word' id='word_1_98' title='bbox 815 926 933 984; x_wconf 89' lang='lat' dir='ltr'>quod</span> <span class='ocrx_word' id='word_1_99' title='bbox 957 941 1020 970; x_wconf 87' lang='lat' dir='ltr'>est</span> <span class='ocrx_word' id='word_1_100' title='bbox 1044 946 1065 967; x_wconf 82' lang='lat'><strong><em>»</em></strong></span> <span class='ocrx_word' id='word_1_101' title='bbox 1103 944 1177 970; x_wconf 86' lang='lat' dir='ltr'>seu</span> <span class='ocrx_word' id='word_1_102' title='bbox 1214 943 1374 986; x_wconf 83' lang='lat' dir='ltr'>ponere</span> <span class='ocrx_word' id='word_1_103' title='bbox 1398 928 1616 972; x_wconf 85' lang='lat' dir='ltr'>actionem</span> 
     </span>
     <span class='ocr_line' id='line_1_14' title="bbox 191 996 1620 1058; baseline 0.001 -18"><span class='ocrx_word' id='word_1_104' title='bbox 191 996 410 1040; x_wconf 71' lang='lat' dir='ltr'>dissonam</span> <span class='ocrx_word' id='word_1_105' title='bbox 446 1013 467 1039; x_wconf 82' lang='lat' dir='ltr'>a</span> <span class='ocrx_word' id='word_1_106' title='bbox 500 996 582 1041; x_wconf 85' lang='lat' dir='ltr'>fine</span> <span class='ocrx_word' id='word_1_107' title='bbox 616 1013 637 1040; x_wconf 79' lang='lat' dir='ltr'>a</span> <span class='ocrx_word' id='word_1_108' title='bbox 673 998 876 1042; x_wconf 75' lang='lat' dir='ltr'>Creatore</span> <span class='ocrx_word' id='word_1_109' title='bbox 925 999 1089 1042; x_wconf 86' lang='lat' dir='ltr'>intento</span> <span class='ocrx_word' id='word_1_110' title='bbox 1123 999 1219 1058; x_wconf 83' lang='lat'>(4);</span> <span class='ocrx_word' id='word_1_111' title='bbox 1254 1000 1288 1043; x_wconf 87' lang='lat' dir='ltr'>si</span> <span class='ocrx_word' id='word_1_112' title='bbox 1323 998 1376 1042; x_wconf 89' lang='lat' dir='ltr'>ob</span> <span class='ocrx_word' id='word_1_113' title='bbox 1410 999 1500 1056; x_wconf 82' lang='lat' dir='ltr'>has,</span> <span class='ocrx_word' id='word_1_114' title='bbox 1548 1000 1620 1042; x_wconf 88' lang='lat' dir='ltr'>in-</span> 
     </span>
     <span class='ocr_line' id='line_1_15' title="bbox 191 1069 1618 1128; baseline 0.002 -17"><span class='ocrx_word' id='word_1_115' title='bbox 191 1085 337 1126; x_wconf 79' lang='lat' dir='ltr'>quam,</span> <span class='ocrx_word' id='word_1_116' title='bbox 370 1069 616 1127; x_wconf 80' lang='lat' dir='ltr'>similesque</span> <span class='ocrx_word' id='word_1_117' title='bbox 640 1085 783 1112; x_wconf 80' lang='lat' dir='ltr'>causas</span> <span class='ocrx_word' id='word_1_118' title='bbox 808 1069 1156 1128; x_wconf 75' lang='lat' dir='ltr'>reprehendatur,</span> <span class='ocrx_word' id='word_1_119' title='bbox 1175 1070 1217 1114; x_wconf 90' lang='lat' dir='ltr'>id</span> <span class='ocrx_word' id='word_1_120' title='bbox 1242 1087 1341 1114; x_wconf 81' lang='lat' dir='ltr'>sane</span> <span class='ocrx_word' id='word_1_121' title='bbox 1361 1086 1447 1114; x_wconf 91' lang='lat' dir='ltr'>non</span> <span class='ocrx_word' id='word_1_122' title='bbox 1461 1071 1618 1123; x_wconf 82' lang='lat' dir='ltr'>evincit</span> 
     </span>
     <span class='ocr_line' id='line_1_16' title="bbox 193 1139 1622 1199; baseline 0.002 -18"><span class='ocrx_word' id='word_1_123' title='bbox 193 1139 356 1182; x_wconf 78' lang='lat' dir='ltr'>morale</span> <span class='ocrx_word' id='word_1_124' title='bbox 390 1139 579 1183; x_wconf 88' lang='lat' dir='ltr'>hominis</span> <span class='ocrx_word' id='word_1_125' title='bbox 614 1139 808 1183; x_wconf 87' lang='lat' dir='ltr'>debitum</span> <span class='ocrx_word' id='word_1_126' title='bbox 841 1156 933 1198; x_wconf 75' lang='lat' dir='ltr'>erga</span> <span class='ocrx_word' id='word_1_127' title='bbox 966 1140 1103 1196; x_wconf 83' lang='lat' dir='ltr'>bruta,</span> <span class='ocrx_word' id='word_1_128' title='bbox 1139 1140 1213 1185; x_wconf 87' lang='lat' dir='ltr'>sed</span> <span class='ocrx_word' id='word_1_129' title='bbox 1247 1141 1397 1199; x_wconf 86' lang='lat' dir='ltr'>probat</span> <span class='ocrx_word' id='word_1_130' title='bbox 1430 1154 1622 1185; x_wconf 83' lang='lat' dir='ltr'>tantum-</span> 
     </span>
     <span class='ocr_line' id='line_1_17' title="bbox 193 1210 1621 1273; baseline 0.002 -20"><span class='ocrx_word' id='word_1_131' title='bbox 193 1211 329 1254; x_wconf 85' lang='lat' dir='ltr'>modo</span> <span class='ocrx_word' id='word_1_132' title='bbox 364 1210 556 1254; x_wconf 81' lang='lat' dir='ltr'>debitum</span> <span class='ocrx_word' id='word_1_133' title='bbox 592 1211 782 1255; x_wconf 88' lang='lat' dir='ltr'>hominis</span> <span class='ocrx_word' id='word_1_134' title='bbox 817 1228 916 1270; x_wconf 80' lang='lat' dir='ltr'>erga</span> <span class='ocrx_word' id='word_1_135' title='bbox 950 1229 993 1256; x_wconf 85' lang='lat' dir='ltr'>se</span> <span class='ocrx_word' id='word_1_136' title='bbox 1027 1212 1093 1254; x_wconf 80' lang='lat' dir='ltr'>vel</span> <span class='ocrx_word' id='word_1_137' title='bbox 1118 1212 1223 1256; x_wconf 81' lang='lat' dir='ltr'>alios</span> <span class='ocrx_word' id='word_1_138' title='bbox 1247 1213 1312 1256; x_wconf 89' lang='lat' dir='ltr'>vel</span> <span class='ocrx_word' id='word_1_139' title='bbox 1337 1214 1483 1256; x_wconf 88' lang='lat' dir='ltr'>Deum</span> <span class='ocrx_word' id='word_1_140' title='bbox 1515 1214 1621 1273; x_wconf 68' lang='lat' dir='ltr'>circa</span> 
     </span>
     <span class='ocr_line' id='line_1_18' title="bbox 193 1283 1619 1343; baseline 0.001 -17"><span class='ocrx_word' id='word_1_141' title='bbox 193 1283 328 1327; x_wconf 79' lang='lat' dir='ltr'>bruta.</span> <span class='ocrx_word' id='word_1_142' title='bbox 363 1285 559 1328; x_wconf 77' lang='lat' dir='ltr'>Iamvero</span> <span class='ocrx_word' id='word_1_143' title='bbox 594 1284 825 1328; x_wconf 75' lang='lat' dir='ltr'>adversarii</span> <span class='ocrx_word' id='word_1_144' title='bbox 862 1284 982 1342; x_wconf 82' lang='lat' dir='ltr'>illud,</span> <span class='ocrx_word' id='word_1_145' title='bbox 1007 1284 1124 1343; x_wconf 89' lang='lat' dir='ltr'>quod</span> <span class='ocrx_word' id='word_1_146' title='bbox 1148 1284 1376 1329; x_wconf 86' lang='lat' dir='ltr'>ostendere</span> <span class='ocrx_word' id='word_1_147' title='bbox 1400 1283 1619 1340; x_wconf 89' lang='lat' dir='ltr'>deberent,</span> 
     </span>
     <span class='ocr_line' id='line_1_19' title="bbox 191 1355 1622 1414; baseline 0.001 -17"><span class='ocrx_word' id='word_1_148' title='bbox 191 1371 349 1413; x_wconf 86' lang='lat' dir='ltr'>nempe</span> <span class='ocrx_word' id='word_1_149' title='bbox 382 1355 478 1404; x_wconf 89' lang='lat' dir='ltr'>ideo</span> <span class='ocrx_word' id='word_1_150' title='bbox 513 1357 816 1400; x_wconf 76' lang='lat' dir='ltr'>crudelitatem</span> <span class='ocrx_word' id='word_1_151' title='bbox 842 1358 882 1399; x_wconf 87' lang='lat' dir='ltr'>in</span> <span class='ocrx_word' id='word_1_152' title='bbox 906 1357 1028 1400; x_wconf 73' lang='lat' dir='ltr'>bruta</span> <span class='ocrx_word' id='word_1_153' title='bbox 1050 1356 1282 1414; x_wconf 76' lang='lat' dir='ltr'>reprobari,</span> <span class='ocrx_word' id='word_1_154' title='bbox 1306 1357 1403 1414; x_wconf 86' lang='lat' dir='ltr'>quia</span> <span class='ocrx_word' id='word_1_155' title='bbox 1426 1369 1489 1400; x_wconf 85' lang='lat' dir='ltr'>est</span> <span class='ocrx_word' id='word_1_156' title='bbox 1512 1356 1622 1400; x_wconf 88' lang='lat' dir='ltr'>iniu-</span> 
     </span>
     <span class='ocr_line' id='line_1_20' title="bbox 194 1427 1625 1486; baseline 0.001 -17"><span class='ocrx_word' id='word_1_157' title='bbox 194 1427 255 1469; x_wconf 79' lang='lat' dir='ltr'>ria</span> <span class='ocrx_word' id='word_1_158' title='bbox 287 1427 391 1484; x_wconf 89' lang='lat' dir='ltr'>ipsis</span> <span class='ocrx_word' id='word_1_159' title='bbox 440 1427 568 1483; x_wconf 76' lang='lat' dir='ltr'>illata,</span> <span class='ocrx_word' id='word_1_160' title='bbox 605 1443 681 1471; x_wconf 91' lang='lat' dir='ltr'>nec</span> <span class='ocrx_word' id='word_1_161' title='bbox 736 1428 1038 1472; x_wconf 77' lang='lat' dir='ltr'>demonstrant</span> <span class='ocrx_word' id='word_1_162' title='bbox 1083 1444 1162 1471; x_wconf 89' lang='lat' dir='ltr'>nec</span> <span class='ocrx_word' id='word_1_163' title='bbox 1207 1440 1391 1486; x_wconf 88' lang='lat' dir='ltr'>possunt</span> <span class='ocrx_word' id='word_1_164' title='bbox 1435 1427 1625 1471; x_wconf 88' lang='lat' dir='ltr'>demon-</span> 
     </span>
     <span class='ocr_line' id='line_1_21' title="bbox 195 1509 343 1541; baseline 0.014 -2"><span class='ocrx_word' id='word_1_165' title='bbox 195 1509 343 1541; x_wconf 76' lang='lat' dir='ltr'>strare.</span> 
     </span>
    </p>

    <p class='ocr_par' dir='ltr' id='par_1_4' title="bbox 195 1569 1622 1698">
     <span class='ocr_line' id='line_1_22' title="bbox 316 1569 1622 1627; baseline -0.002 -13"><span class='ocrx_word' id='word_1_166' title='bbox 316 1570 461 1614; x_wconf 76' lang='lat' dir='ltr'>Restat</span> <span class='ocrx_word' id='word_1_167' title='bbox 495 1571 641 1627; x_wconf 84' lang='lat' dir='ltr'>igitur,</span> <span class='ocrx_word' id='word_1_168' title='bbox 675 1583 720 1613; x_wconf 86' lang='lat' dir='ltr'>ut</span> <span class='ocrx_word' id='word_1_169' title='bbox 754 1570 948 1613; x_wconf 75' lang='lat' dir='ltr'>dicamus</span> <span class='ocrx_word' id='word_1_170' title='bbox 982 1586 1070 1613; x_wconf 90' lang='lat' dir='ltr'>non</span> <span class='ocrx_word' id='word_1_171' title='bbox 1105 1570 1193 1613; x_wconf 75' lang='lat' dir='ltr'>dari</span> <span class='ocrx_word' id='word_1_172' title='bbox 1227 1570 1406 1613; x_wconf 80' lang='lat' dir='ltr'>moralia</span> <span class='ocrx_word' id='word_1_173' title='bbox 1429 1569 1622 1613; x_wconf 89' lang='lat' dir='ltr'>hominis</span> 
     </span>
     <span class='ocr_line' id='line_1_23' title="bbox 195 1637 1622 1698; baseline 0 -18"><span class='ocrx_word' id='word_1_174' title='bbox 195 1637 332 1682; x_wconf 74' lang='lat' dir='ltr'>officia</span> <span class='ocrx_word' id='word_1_175' title='bbox 366 1656 466 1698; x_wconf 76' lang='lat' dir='ltr'>erga</span> <span class='ocrx_word' id='word_1_176' title='bbox 499 1641 634 1695; x_wconf 81' lang='lat' dir='ltr'>bruta,</span> <span class='ocrx_word' id='word_1_177' title='bbox 669 1642 778 1684; x_wconf 84' lang='lat' dir='ltr'>sicut</span> <span class='ocrx_word' id='word_1_178' title='bbox 811 1657 889 1684; x_wconf 88' lang='lat' dir='ltr'>nec</span> <span class='ocrx_word' id='word_1_179' title='bbox 922 1640 1079 1683; x_wconf 90' lang='lat' dir='ltr'>horum</span> <span class='ocrx_word' id='word_1_180' title='bbox 1116 1641 1207 1683; x_wconf 82' lang='lat' dir='ltr'>iura</span> <span class='ocrx_word' id='word_1_181' title='bbox 1242 1655 1342 1698; x_wconf 85' lang='lat' dir='ltr'>erga</span> <span class='ocrx_word' id='word_1_182' title='bbox 1379 1639 1622 1684; x_wconf 89' lang='lat' dir='ltr'>hominem.</span> 
     </span>
    </p>
   </div>
   <div class='ocr_carea' id='block_1_4' title="bbox 199 1789 447 1795">
    <p class='ocr_par' dir='ltr' id='par_1_5' title="bbox 199 1789 447 1795">
     <span class='ocr_line' id='line_1_24' title="bbox 199 1789 447 1795; baseline 0 0"><span class='ocrx_word' id='word_1_183' title='bbox 199 1789 447 1795; x_wconf 95' lang='lat' dir='ltr'> </span> 
     </span>
    </p>
   </div>
   <div class='ocr_carea' id='block_1_5' title="bbox 198 1852 1630 2264">
    <p class='ocr_par' dir='ltr' id='par_1_6' title="bbox 198 1852 1628 2095">
     <span class='ocr_line' id='line_1_25' title="bbox 295 1852 1626 1919; baseline -0.003 -13"><span class='ocrx_word' id='word_1_184' title='bbox 295 1874 351 1917; x_wconf 80' lang='grc' dir='ltr'>(ι)</span> <span class='ocrx_word' id='word_1_185' title='bbox 379 1872 437 1908; x_wconf 86' lang='lat' dir='ltr'>Cf.</span> <span class='ocrx_word' id='word_1_186' title='bbox 469 1884 497 1907; x_wconf 92' lang='lat'>2.</span> <span class='ocrx_word' id='word_1_187' title='bbox 528 1883 559 1907; x_wconf 88' lang='lat'>2.</span> <span class='ocrx_word' id='word_1_188' title='bbox 586 1884 621 1919; x_wconf 92' lang='lat' dir='ltr'>q.</span> <span class='ocrx_word' id='word_1_189' title='bbox 651 1881 706 1916; x_wconf 80' lang='lat'>74.</span> <span class='ocrx_word' id='word_1_190' title='bbox 734 1884 763 1907; x_wconf 78' lang='lat' dir='ltr'>a.</span> <span class='ocrx_word' id='word_1_191' title='bbox 796 1882 822 1906; x_wconf 94' lang='lat'>1.</span> <span class='ocrx_word' id='word_1_192' title='bbox 851 1852 895 1905; x_wconf 80' lang='lat' dir='ltr'>ad</span> <span class='ocrx_word' id='word_1_193' title='bbox 924 1879 989 1916; x_wconf 81' lang='lat'>3.¹¹¹:</span> <span class='ocrx_word' id='word_1_194' title='bbox 1023 1871 1124 1906; x_wconf 89' lang='lat' dir='ltr'>«Ille</span> <span class='ocrx_word' id='word_1_195' title='bbox 1151 1872 1210 1918; x_wconf 90' lang='lat' dir='ltr'>qui</span> <span class='ocrx_word' id='word_1_196' title='bbox 1238 1870 1371 1905; x_wconf 89' lang='lat' dir='ltr'>occidit</span> <span class='ocrx_word' id='word_1_197' title='bbox 1397 1870 1530 1905; x_wconf 87' lang='lat' dir='ltr'>bovem</span> <span class='ocrx_word' id='word_1_198' title='bbox 1568 1867 1626 1903; x_wconf 85' lang='lat' dir='ltr'>al-</span> 
     </span>
     <span class='ocr_line' id='line_1_26' title="bbox 199 1927 1626 1979; baseline -0.003 -13"><span class='ocrx_word' id='word_1_199' title='bbox 199 1932 320 1974; x_wconf 63' lang='lat' dir='ltr'>terim,</span> <span class='ocrx_word' id='word_1_200' title='bbox 347 1941 473 1977; x_wconf 80' lang='lat' dir='ltr'>peccat</span> <span class='ocrx_word' id='word_1_201' title='bbox 500 1931 656 1979; x_wconf 83' lang='lat' dir='ltr'>quidem,</span> <span class='ocrx_word' id='word_1_202' title='bbox 682 1943 757 1965; x_wconf 89' lang='lat' dir='ltr'>non</span> <span class='ocrx_word' id='word_1_203' title='bbox 785 1931 864 1977; x_wconf 77' lang='lat' dir='ltr'>quia</span> <span class='ocrx_word' id='word_1_204' title='bbox 892 1931 1024 1965; x_wconf 87' lang='lat' dir='ltr'>occidit</span> <span class='ocrx_word' id='word_1_205' title='bbox 1051 1932 1195 1973; x_wconf 76' lang='lat' dir='ltr'>bovem,</span> <span class='ocrx_word' id='word_1_206' title='bbox 1223 1930 1284 1964; x_wconf 86' lang='lat' dir='ltr'>sed</span> <span class='ocrx_word' id='word_1_207' title='bbox 1311 1929 1393 1976; x_wconf 88' lang='lat' dir='ltr'>quia</span> <span class='ocrx_word' id='word_1_208' title='bbox 1421 1927 1626 1963; x_wconf 82' lang='lat' dir='ltr'>damnificat</span> 
     </span>
     <span class='ocr_line' id='line_1_27' title="bbox 198 1986 1628 2035; baseline -0.002 -11"><span class='ocrx_word' id='word_1_209' title='bbox 198 1991 390 2025; x_wconf 85' lang='lat' dir='ltr'>hominem</span> <span class='ocrx_word' id='word_1_210' title='bbox 420 1992 454 2025; x_wconf 88' lang='lat' dir='ltr'>in</span> <span class='ocrx_word' id='word_1_211' title='bbox 483 2002 519 2025; x_wconf 88' lang='lat' dir='ltr'>re</span> <span class='ocrx_word' id='word_1_212' title='bbox 547 2002 624 2025; x_wconf 84' lang='lat' dir='ltr'>sua:</span> <span class='ocrx_word' id='word_1_213' title='bbox 655 1990 749 2024; x_wconf 86' lang='lat' dir='ltr'>unde</span> <span class='ocrx_word' id='word_1_214' title='bbox 775 2001 847 2024; x_wconf 90' lang='lat' dir='ltr'>non</span> <span class='ocrx_word' id='word_1_215' title='bbox 885 1990 1093 2025; x_wconf 82' lang='lat' dir='ltr'>continetur</span> <span class='ocrx_word' id='word_1_216' title='bbox 1131 1990 1195 2024; x_wconf 92' lang='lat' dir='ltr'>sub</span> <span class='ocrx_word' id='word_1_217' title='bbox 1234 1997 1384 2035; x_wconf 86' lang='lat' dir='ltr'>peccato</span> <span class='ocrx_word' id='word_1_218' title='bbox 1403 1986 1628 2035; x_wconf 34' lang='lat' dir='ltr'>,homicidit</span> 
     </span>
     <span class='ocr_line' id='line_1_28' title="bbox 199 2049 956 2095; baseline -0.005 -11"><span class='ocrx_word' id='word_1_219' title='bbox 199 2050 260 2084; x_wconf 88' lang='lat' dir='ltr'>sed</span> <span class='ocrx_word' id='word_1_220' title='bbox 289 2051 352 2084; x_wconf 85' lang='lat' dir='ltr'>sub</span> <span class='ocrx_word' id='word_1_221' title='bbox 382 2058 531 2095; x_wconf 75' lang='lat' dir='ltr'>peccato</span> <span class='ocrx_word' id='word_1_222' title='bbox 561 2049 643 2084; x_wconf 86' lang='lat' dir='ltr'>furti</span> <span class='ocrx_word' id='word_1_223' title='bbox 674 2050 730 2084; x_wconf 89' lang='lat' dir='ltr'>vel</span> <span class='ocrx_word' id='word_1_224' title='bbox 759 2050 956 2095; x_wconf 76' lang='lat' dir='ltr'>rapinae.»</span> 
     </span>
    </p>

    <p class='ocr_par' dir='ltr' id='par_1_7' title="bbox 199 2107 1630 2264">
     <span class='ocr_line' id='line_1_29' title="bbox 297 2107 1624 2156; baseline -0.002 -12"><span class='ocrx_word' id='word_1_225' title='bbox 297 2110 354 2155; x_wconf 46' lang='lat'>(22)</span> <span class='ocrx_word' id='word_1_226' title='bbox 386 2121 412 2144; x_wconf 85' lang='lat'>1.</span> <span class='ocrx_word' id='word_1_227' title='bbox 441 2110 525 2144; x_wconf 85' lang='lat' dir='ltr'>Cor.</span> <span class='ocrx_word' id='word_1_228' title='bbox 546 2110 606 2144; x_wconf 83' lang='lat' dir='ltr'>IX.</span> <span class='ocrx_word' id='word_1_229' title='bbox 626 2121 658 2156; x_wconf 87' lang='lat'>9.</span> <span class='ocrx_word' id='word_1_230' title='bbox 679 2110 768 2143; x_wconf 85' lang='lat' dir='ltr'>Item</span> <span class='ocrx_word' id='word_1_231' title='bbox 798 2107 823 2145; x_wconf 89' lang='lat' dir='ltr'>I.</span> <span class='ocrx_word' id='word_1_232' title='bbox 844 2109 942 2144; x_wconf 84' lang='lat' dir='ltr'>Tim.</span> <span class='ocrx_word' id='word_1_233' title='bbox 971 2110 1018 2144; x_wconf 78' lang='lat' dir='ltr'>V.</span> <span class='ocrx_word' id='word_1_234' title='bbox 1044 2119 1107 2143; x_wconf 85' lang='lat'>10.:</span> <span class='ocrx_word' id='word_1_235' title='bbox 1138 2108 1270 2144; x_wconf 86' lang='lat' dir='ltr'>«Dicit</span> <span class='ocrx_word' id='word_1_236' title='bbox 1298 2108 1397 2143; x_wconf 83' lang='lat' dir='ltr'>enim</span> <span class='ocrx_word' id='word_1_237' title='bbox 1425 2107 1624 2153; x_wconf 84' lang='lat' dir='ltr'>Scriptura:</span> 
     </span>
     <span class='ocr_line' id='line_1_30' title="bbox 199 2166 1630 2215; baseline -0.001 -11"><span class='ocrx_word' id='word_1_238' title='bbox 199 2168 286 2204; x_wconf 87' lang='lat' dir='ltr'>Non</span> <span class='ocrx_word' id='word_1_239' title='bbox 313 2169 476 2215; x_wconf 82' lang='lat' dir='ltr'>alligabis</span> <span class='ocrx_word' id='word_1_240' title='bbox 504 2181 544 2204; x_wconf 89' lang='lat' dir='ltr'>os</span> <span class='ocrx_word' id='word_1_241' title='bbox 571 2170 656 2204; x_wconf 81' lang='lat' dir='ltr'>bovi</span> <span class='ocrx_word' id='word_1_242' title='bbox 684 2170 879 2208; x_wconf 79' lang='lat' dir='ltr'>trituranti.</span> <span class='ocrx_word' id='word_1_243' title='bbox 917 2178 949 2204; x_wconf 81' lang='lat' dir='ltr'>et</span> <span class='ocrx_word' id='word_1_244' title='bbox 986 2169 1116 2214; x_wconf 84' lang='lat' dir='ltr'>dignus</span> <span class='ocrx_word' id='word_1_245' title='bbox 1151 2177 1204 2204; x_wconf 89' lang='lat' dir='ltr'>est</span> <span class='ocrx_word' id='word_1_246' title='bbox 1243 2168 1428 2215; x_wconf 83' lang='lat' dir='ltr'>operarius</span> <span class='ocrx_word' id='word_1_247' title='bbox 1462 2166 1630 2203; x_wconf 87' lang='lat' dir='ltr'>mercede</span> 
     </span>
     <span class='ocr_line' id='line_1_31' title="bbox 202 2239 315 2264; baseline 0.009 -1"><span class='ocrx_word' id='word_1_248' title='bbox 202 2239 279 2264; x_wconf 87' lang='lat' dir='ltr'>sua.</span> <span class='ocrx_word' id='word_1_249' title='bbox 298 2242 315 2260; x_wconf 91' lang='lat'>»</span> 
     </span>
    </p>
   </div>
   <div class='ocr_carea' id='block_1_6' title="bbox 203 2287 1634 2512">
    <p class='ocr_par' dir='ltr' id='par_1_8' title="bbox 203 2287 1631 2394">
     <span class='ocr_line' id='line_1_32' title="bbox 299 2287 1631 2334; baseline -0.001 -12"><span class='ocrx_word' id='word_1_250' title='bbox 299 2288 357 2332; x_wconf 85' lang='lat'>(3)</span> <span class='ocrx_word' id='word_1_251' title='bbox 391 2289 499 2323; x_wconf 82' lang='lat' dir='ltr'>Dent.</span> <span class='ocrx_word' id='word_1_252' title='bbox 538 2289 652 2323; x_wconf 73' lang='lat' dir='ltr'>XXV.</span> <span class='ocrx_word' id='word_1_253' title='bbox 690 2299 723 2331; x_wconf 78' lang='lat'>4.</span> <span class='ocrx_word' id='word_1_254' title='bbox 760 2301 777 2319; x_wconf 93' lang='lat'>«</span> <span class='ocrx_word' id='word_1_255' title='bbox 806 2289 890 2323; x_wconf 86' lang='lat' dir='ltr'>Non</span> <span class='ocrx_word' id='word_1_256' title='bbox 926 2288 1055 2334; x_wconf 78' lang='lat' dir='ltr'>ligabis</span> <span class='ocrx_word' id='word_1_257' title='bbox 1083 2299 1124 2323; x_wconf 90' lang='lat' dir='ltr'>os</span> <span class='ocrx_word' id='word_1_258' title='bbox 1158 2287 1261 2323; x_wconf 89' lang='lat' dir='ltr'>bovis</span> <span class='ocrx_word' id='word_1_259' title='bbox 1295 2287 1443 2323; x_wconf 85' lang='lat' dir='ltr'>terentis</span> <span class='ocrx_word' id='word_1_260' title='bbox 1478 2287 1514 2321; x_wconf 88' lang='lat' dir='ltr'>in</span> <span class='ocrx_word' id='word_1_261' title='bbox 1548 2296 1631 2322; x_wconf 85' lang='lat' dir='ltr'>area</span> 
     </span>
     <span class='ocr_line' id='line_1_33' title="bbox 203 2345 484 2394; baseline -0.011 -13"><span class='ocrx_word' id='word_1_262' title='bbox 203 2345 326 2394; x_wconf 85' lang='lat' dir='ltr'>fruges</span> <span class='ocrx_word' id='word_1_263' title='bbox 351 2357 439 2381; x_wconf 85' lang='lat' dir='ltr'>tuas.</span> <span class='ocrx_word' id='word_1_264' title='bbox 466 2361 484 2378; x_wconf 86' lang='lat'>»</span> 
     </span>
    </p>

    <p class='ocr_par' dir='ltr' id='par_1_9' title="bbox 204 2405 1634 2512">
     <span class='ocr_line' id='line_1_34' title="bbox 300 2405 1631 2452; baseline -0.001 -13"><span class='ocrx_word' id='word_1_265' title='bbox 300 2406 356 2450; x_wconf 75' lang='lat'>(4)</span> <span class='ocrx_word' id='word_1_266' title='bbox 386 2406 457 2448; x_wconf 86' lang='lat' dir='ltr'>Qui</span> <span class='ocrx_word' id='word_1_267' title='bbox 485 2417 578 2452; x_wconf 86' lang='lat' dir='ltr'>equo</span> <span class='ocrx_word' id='word_1_268' title='bbox 605 2406 662 2440; x_wconf 83' lang='lat' dir='ltr'>vel</span> <span class='ocrx_word' id='word_1_269' title='bbox 689 2406 782 2440; x_wconf 85' lang='lat' dir='ltr'>libro</span> <span class='ocrx_word' id='word_1_270' title='bbox 810 2407 846 2441; x_wconf 86' lang='lat' dir='ltr'>in</span> <span class='ocrx_word' id='word_1_271' title='bbox 875 2405 1159 2441; x_wconf 85' lang='lat' dir='ltr'>determinatum</span> <span class='ocrx_word' id='word_1_272' title='bbox 1194 2405 1305 2442; x_wconf 85' lang='lat' dir='ltr'>finem</span> <span class='ocrx_word' id='word_1_273' title='bbox 1333 2407 1376 2441; x_wconf 80' lang='lat' dir='ltr'>ab</span> <span class='ocrx_word' id='word_1_274' title='bbox 1410 2405 1527 2440; x_wconf 88' lang='lat' dir='ltr'>amico</span> <span class='ocrx_word' id='word_1_275' title='bbox 1565 2415 1631 2438; x_wconf 86' lang='lat' dir='ltr'>ac-</span> 
     </span>
     <span class='ocr_line' id='line_1_35' title="bbox 204 2464 1634 2512; baseline -0.001 -11"><span class='ocrx_word' id='word_1_276' title='bbox 204 2474 325 2512; x_wconf 80' lang='lat' dir='ltr'>cepto,</span> <span class='ocrx_word' id='word_1_277' title='bbox 351 2466 387 2499; x_wconf 88' lang='lat' dir='ltr'>in</span> <span class='ocrx_word' id='word_1_278' title='bbox 415 2465 526 2499; x_wconf 87' lang='lat' dir='ltr'>alium</span> <span class='ocrx_word' id='word_1_279' title='bbox 555 2465 663 2500; x_wconf 84' lang='lat' dir='ltr'>finem</span> <span class='ocrx_word' id='word_1_280' title='bbox 693 2475 819 2501; x_wconf 83' lang='lat' dir='ltr'>eontra</span> <span class='ocrx_word' id='word_1_281' title='bbox 848 2468 922 2502; x_wconf 82' lang='lat' dir='ltr'>eius</span> <span class='ocrx_word' id='word_1_282' title='bbox 961 2465 1192 2501; x_wconf 82' lang='lat' dir='ltr'>voluntatem</span> <span class='ocrx_word' id='word_1_283' title='bbox 1228 2468 1348 2510; x_wconf 87' lang='lat' dir='ltr'>utitur,</span> <span class='ocrx_word' id='word_1_284' title='bbox 1375 2476 1500 2502; x_wconf 87' lang='lat' dir='ltr'>nonne</span> <span class='ocrx_word' id='word_1_285' title='bbox 1528 2464 1634 2500; x_wconf 69' lang='lat' dir='ltr'>⁴iniu-</span> 
     </span>
    </p>
   </div>
   <div class='ocr_carea' id='block_1_7' title="bbox 205 2522 1633 2629">
    <p class='ocr_par' dir='ltr' id='par_1_10' title="bbox 205 2522 1633 2629">
     <span class='ocr_line' id='line_1_36' title="bbox 205 2522 1633 2570; baseline -0.001 -14"><span class='ocrx_word' id='word_1_286' title='bbox 205 2523 294 2557; x_wconf 83' lang='lat' dir='ltr'>riam</span> <span class='ocrx_word' id='word_1_287' title='bbox 321 2523 353 2558; x_wconf 87' lang='lat' dir='ltr'>ei</span> <span class='ocrx_word' id='word_1_288' title='bbox 380 2522 437 2556; x_wconf 84' lang='lat' dir='ltr'>vel</span> <span class='ocrx_word' id='word_1_289' title='bbox 463 2531 558 2556; x_wconf 84' lang='lat' dir='ltr'>certe</span> <span class='ocrx_word' id='word_1_290' title='bbox 585 2522 761 2557; x_wconf 76' lang='lat' dir='ltr'>offensam</span> <span class='ocrx_word' id='word_1_291' title='bbox 790 2522 925 2559; x_wconf 83' lang='lat' dir='ltr'>insert?</span> <span class='ocrx_word' id='word_1_292' title='bbox 953 2523 1086 2567; x_wconf 87' lang='lat' dir='ltr'>amico,</span> <span class='ocrx_word' id='word_1_293' title='bbox 1113 2523 1273 2570; x_wconf 87' lang='lat' dir='ltr'>inquam,</span> <span class='ocrx_word' id='word_1_294' title='bbox 1299 2522 1417 2566; x_wconf 84' lang='lat' dir='ltr'>infert,</span> <span class='ocrx_word' id='word_1_295' title='bbox 1439 2533 1518 2559; x_wconf 86' lang='lat' dir='ltr'>non</span> <span class='ocrx_word' id='word_1_296' title='bbox 1544 2531 1633 2556; x_wconf 88' lang='lat' dir='ltr'>sane</span> 
     </span>
     <span class='ocr_line' id='line_1_37' title="bbox 207 2582 516 2629; baseline -0.006 -11"><span class='ocrx_word' id='word_1_297' title='bbox 207 2594 300 2629; x_wconf 87' lang='lat' dir='ltr'>equo</span> <span class='ocrx_word' id='word_1_298' title='bbox 327 2582 383 2617; x_wconf 86' lang='lat' dir='ltr'>vel</span> <span class='ocrx_word' id='word_1_299' title='bbox 411 2583 516 2618; x_wconf 88' lang='lat' dir='ltr'>libro.</span> 
     </span>
    </p>
   </div>
  </div>
 </body>
</html>
