1737 2802
758 132 1022 187 -184-

177 227 290 269 absol
317 239 369 268 :te
404 226 648 283 requiritur,
683 226 800 284 quod
823 235 917 270 eam
941 226 1047 271 ideis
1072 229 1262 287 propriis
1286 229 1463 288 attingat
1486 229 1604 291 (suf-

175 298 491 353 fitltc·1]l1n,sl
542 314 633 341 earn
684 298 788 342 ideis
837 299 986 344 saltem
1035 300 1264 359 analogicis
1313 302 1605 363 assequatur),

178 388 317 430 neque
352 371 542 424 absolute
579 373 826 430 requiritur,
859 373 976 431 quod
1011 374 1286 417 intrinsecam
1330 374 1479 419 habeat
1512 376 1606 420 evi-

178 444 256 486 den
283 446 364 486 iani
401 443 451 486 de
488 444 639 498 niodo,
674 461 761 503 quo
796 445 1087 502 praedicatum
1123 462 1223 490 cum
1272 446 1464 491 subiecto
1497 462 1606 501 con,-

179 530 271 560 nect
292 531 360 560 tur
392 517 570 575 (sufficit
605 519 735 576 enim,
769 519 802 560 si
835 534 885 561 ex
919 518 1131 561 evidentia
1179 518 1327 564 saltem
1371 520 1606 564 extrinseca

180 591 487 647 deprehendat,
525 605 615 632 eam
653 590 966 633 connexionem
1011 606 1156 649 reapse
1200 606 1290 634 non
1333 590 1495 650 deesse,
1528 592 1606 636 etsi

179 663 405 722 quomodo
438 679 484 705 ea
517 663 624 706 adsit
646 679 734 706 non
769 661 1010 721 intelligat).
1037 689 1090 695 —-
1127 663 1264 717 Quod
1290 664 1473 723 primum
1505 663 1609 708 illud

180 753 266 779 non
305 737 560 793 requiratur,
597 748 720 793 patet.
757 736 889 779 Secus
923 736 1038 778 enim
1072 734 1177 778 nihil
1212 734 1298 779 fere
1332 735 1383 780 de
1416 736 1513 780 Deo
1545 737 1609 780 iu-

182 808 207 853 d
243 813 319 851 irre
356 824 598 865 possemus,
633 825 685 852 ne
724 808 807 851 hoc
841 807 1034 866 quidem,
1070 808 1215 852 Deum
1250 823 1343 852 esse
1375 808 1611 868 simplicis—

182 883 358 933 simum,
408 880 694 938 liberrimum,
744 881 1071 924 omniscientem
1123 895 1226 926 ete:
1270 881 1486 940 siquidem
1533 881 1611 927 hae

184 956 224 1011 ip
243 972 297 996 „re
333 956 339 995 i
363 956 448 996 {eie
473 953 775 1010 simplicitatis,
801 953 1022 1010 libertatis,
1045 955 1244 998 scientiae
1268 966 1362 1012 etc.,
1381 971 1489 1013 quae
1511 967 1611 1000 sunt

183 1025 590 1083 p1·o·ri;1e,qu;indo
626 1025 909 1083 perfectiones
944 1025 1131 1069 referunt
1166 1038 1472 1084 creaturarum,
1503 1026 1613 1071 fiunt

183 1099 440 1155 analogicae,
465 1098 636 1156 quando
661 1097 711 1141 ad
737 1098 954 1142 Creatoris
981 1097 1265 1156 perfectiones
1290 1111 1613 1157 repraesentan-

185 1172 255 1213 ὼς
294 1170 714 1230 trinsferuntu1·(1).
740 1171 903 1214 —Nec
939 1171 1080 1213 minus
1116 1169 1222 1214 clare
1256 1183 1383 1229 patet,
1416 1186 1504 1215 non
1538 1187 1611 1216 re-

184 1246 291 1302 quiri
328 1243 557 1287 secundnm.
581 1244 742 1289 Nonne
767 1247 966 1300 rusticus,
991 1243 1058 1286 cui
1089 1241 1377 1301 philosophus
1411 1244 1615 1302 proponit

184 1317 406 1361 theorema
438 1316 707 1374 Pythagorae
741 1315 807 1359 vel
841 1314 1023 1358 affirmat
1057 1315 1193 1358 solem
1220 1330 1312 1358 esse
1335 1327 1447 1359 terra
1480 1315 1615 1359 maio-

185 1406 290 1441 rem,
315 1389 415 1432 hiec
439 1406 489 1432 ex
515 1388 626 1431 illius
647 1387 896 1446 philosophi
916 1388 1168 1431 auctoritate
1192 1387 1394 1443 admittit,
1418 1389 1614 1446 quamvis

185 1479 270 1507 non
306 1462 511 1519 intelligat
546 1461 726 1514 modum,
763 1477 849 1519 quo
874 1460 1127 1519 quadratum
1167 1474 1463 1506 constructum
1486 1477 1615 1520 super

187 1535 534 1594 hypothenusam
569 1546 721 1592 aequet
754 1549 976 1576 summam
1001 1533 1312 1591 quadratorum
1338 1533 1526 1578 duorum
1551 1550 1616 1578 ca-

184 1607 420 1660 thstorun,
455 1607 651 1664 quamvis
685 1606 820 1649 solem
855 1605 995 1649 videat
1031 1618 1144 1649 terra
1188 1607 1436 1651 minorem?
1481 1594 1618 1661 Quod

185 1680 217 1721 si
258 1680 439 1721 ²‘usticus
476 1679 610 1735 uirgis
645 1676 736 1721 fidit
771 1678 977 1720 scientiae
1013 1690 1054 1721 et
1100 1678 1315 1722 veracitati
1367 1677 1617 1738 philosophi

187 1751 381 1802 aiuius,
415 1766 543 1807 quain
581 1750 760 1807 proprio
805 1749 930 1807 visui3
968 1749 1070 1806 quid
1115 1748 1347 1793 dicendum
1395 1750 1446 1794 de
1492 1750 1618 1794 nobis

188 1835 380 1880 respectu
416 1824 528 1866 Dei?
561 1822 627 1866 Ad
663 1838 751 1865 rem
786 1821 969 1865 Toletus
1005 1823 1080 1881 (2):
1123 1822 1205 1866 «Si
1238 1834 1348 1866 esset
1382 1821 1519 1866 homo
1547 1821 1619 1867 de·

283 2078 338 2122 (1)
358 2078 563 2113 Discrimen
585 2077 676 2110 inter
694 2075 823 2110 iudicia
842 2075 885 2110 de
905 2075 1034 2109 divinis
1054 2074 1350 2120 proprietatibus,
1367 2085 1459 2121 quae
1478 2082 1623 2110 natura-

190 2139 269 2173 liter
297 2149 379 2174 sunt
431 2148 552 2180 notae,
582 2146 688 2184 atque
741 2137 871 2171 iudicia
915 2136 958 2170 de
999 2134 1186 2181 profundis
1229 2134 1298 2170 illis
1325 2143 1360 2170 et
1388 2134 1622 2178 absconditis,

189 2212 209 2247 q
227 2213 279 2235 ne
307 2200 392 2234 sides
421 2209 488 2232 nos
516 2198 619 2232 docet
646 2206 680 2232 et
707 2197 878 2243 mysteria
907 2196 1083 2238 dicuntur,
1109 2207 1184 2230 non
1209 2202 1263 2229 est
1287 2195 1322 2229 in
1341 2193 1411 2229 hoc
1437 2206 1623 2242 reponen-

188 2264 287 2303 dum,
307 2260 402 2307 quod
431 2260 465 2293 in
495 2258 672 2304 prioribus
699 2257 801 2292 ideae
827 2257 1028 2291 habeantur
1055 2256 1237 2303 propriae,
1263 2253 1301 2288 in
1327 2253 1407 2289 aliis
1433 2255 1626 2302 analogae·

186 2323 247 2357 sed
276 2322 310 2354 in
338 2322 422 2362 hoc,
453 2319 548 2367 quod
577 2320 612 2352 in
640 2319 817 2365 prioribus
838 2318 1027 2352 motivum
1055 2328 1223 2352 assensus
1243 2326 1295 2352 est
1313 2317 1417 2351 etiam
1444 2315 1625 2352 evidentia

187 2394 249 2428 per
276 2380 504 2415 ratiocinium
532 2388 741 2421 comparata
771 2377 813 2411 de
842 2377 1106 2411 convenientia
1125 2375 1323 2424 praedicati
1341 2387 1423 2410 cum
1450 2375 1625 2420 subiecto,

190 2443 225 2476 in
254 2442 332 2476 aliis
360 2451 410 2476 est
437 2440 507 2474 sola
536 2439 603 2473 Dei
634 2438 834 2473 revelantis
861 2438 1068 2479 auctoritas,
1098 2447 1190 2483 quae
1216 2435 1328 2470 fidem
1368 2434 1456 2470 facit
1482 2446 1623 2471 conve-

191 2501 363 2536 nientiam
393 2500 493 2535 illam
521 2501 564 2535 de
594 2500 690 2534 facto
719 2500 856 2534 adesse.

291 2561 343 2606 (2)
371 2563 493 2596 Enarr.
523 2562 558 2595 in
588 2572 678 2594 suni.
709 2560 758 2595 th.
786 2571 812 2594 s.
840 2559 922 2601 Th„
942 2570 975 2594 2.
991 2568 1022 2593 2.
1041 2569 1072 2605 q.
1092 2568 1127 2601 4.
1149 2570 1180 2592 a.
1196 2557 1230 2593 8.
1244 2555 1360 2592 —Cfi
1379 2555 1488 2591 etiam
1505 2566 1533 2590 s.
1549 2555 1626 2608 Au-

196 2622 379 2667 gustinum
409 2620 451 2654 de
479 2620 583 2654 utilit.
613 2619 793 2661 credendi,
821 2619 1032 2664 praesertim
1060 2628 1138 2662 cap.
1165 2616 1248 2651 XII.
1285 2626 1383 2650 num.
1421 2612 1489 2657 26.,
1516 2623 1624 2662 quem
1683 2614 1687 2617 ’
