1737 2802
694 122 959 176 -255-

232 215 346 260 Cum
371 230 435 258 res
460 216 514 258 ita
537 230 581 258 se
615 214 778 272 habeat,
802 231 876 258 seu
913 230 1009 259 cum
1035 214 1191 258 offerre
1225 214 1292 257 vel
1316 225 1537 271 acceptare

110 286 305 330 duellum
340 287 393 329 sit
427 287 533 329 actio
568 288 793 330 intrinsece
845 286 952 330 mala
988 286 1147 330 malitia
1191 286 1358 330 suicidii
1409 287 1537 328 simul

112 371 153 401 et
187 357 423 411 homicidii,
458 357 499 401 id
535 357 669 401 facere
706 371 768 402 est
803 360 984 402 omnino
1018 371 1058 402 et
1106 375 1276 416 semper
1326 358 1535 411 illicitum,

112 429 419 488 quodcumque
453 431 506 472 sit
537 429 718 483 bonum,
747 429 865 487 quod
899 447 948 473 ex
982 430 1276 487 acceptatione
1310 429 1437 473 duelli
1472 445 1534 472 se-

111 513 280 559 quatur,
314 513 385 544 aut
419 501 595 559 malum,
629 501 745 559 quod
781 517 854 559 per
887 503 1223 559 acceptationem
1259 501 1388 545 duelli
1426 503 1536 545 vite-

111 585 183 616 tur
214 572 298 631 (1)
322 574 475 630 Neque
510 573 625 615 enim
658 585 759 615 sunt
788 572 978 616 facienda
1012 574 1118 616 mala
1154 585 1199 616 ut
1223 574 1393 616 veniant
1425 573 1536 617 bona

110 656 184 688 aut
208 657 254 688 ut
277 646 464 689 vitentur
498 644 618 687 mala.
646 671 696 676 ——
725 646 815 698 Qui
840 644 1029 688 duellum
1065 645 1256 688 oblatum
1281 658 1535 703 acceptaret,

111 730 166 758 ne
198 716 376 773 ignavus
411 715 628 772 habeatur,
661 729 700 759 et
735 716 788 759 ob
823 715 930 758 hanc
965 717 1158 772 ignaviae
1183 729 1328 759 notam
1365 716 1538 774 aliquod

109 785 320 830 damnum
357 787 556 840 incurrat,
581 802 667 829 non
703 786 885 830 absimili
920 788 1082 830 ratione
1116 803 1159 831 se
1192 804 1236 831 se
1269 800 1449 845 gereret,
1473 803 1541 831 ac-

114 871 238 915 cepto
263 874 309 901 ea
333 857 385 901 de
419 873 541 901 causa
566 858 725 910 duello,
753 875 797 901 ac
820 858 888 902 ille
921 860 994 917 qui
1020 858 1067 902 ab
1092 860 1252 916 impiis
1271 860 1416 902 amicis
1441 874 1540 917 pro-

113 945 292 973 vocatus
341 930 391 973 ad
423 930 708 988 blasphemias
758 930 1018 973 evomendas
1054 944 1122 974 aut
1170 931 1221 974 ad
1267 931 1539 974 mendacium

113 1001 448 1059 proferendum,
479 1015 723 1059 erumperet
758 1003 798 1044 in
832 1001 1118 1059 blasphemia,-
1158 1002 1224 1046 vel
1274 1003 1541 1059 mentiretur,

113 1089 169 1116 ne
199 1073 481 1132 pusillanimis
515 1087 554 1116 et
587 1074 868 1132 scrupulosus
902 1074 1140 1128 haberetur,
1163 1075 1345 1132 indeque
1379 1074 1538 1117 damno

117 1144 243 1187 alicui
277 1145 317 1186 in
352 1143 509 1187 divitiis
544 1156 614 1187 aut
649 1145 691 1187 in
727 1146 814 1202 ipsa
846 1144 932 1188 vita
967 1157 1077 1187 esset
1111 1144 1321 1187 obnoxius
1357 1150 1430 1195 (2).

237 1217 288 1260 II.
322 1218 481 1260 Iuverit
516 1216 619 1259 illud
654 1217 790 1273 magis
825 1217 1046 1274 magisque
1081 1215 1306 1270 declarare,
1339 1217 1458 1274 quod
1485 1217 1540 1260 af-

113 1285 336 1330 firmatum
366 1288 448 1330 iam
474 1299 535 1331 est
560 1300 599 1330 et
623 1286 699 1330 hac
722 1289 763 1329 in
788 1288 1037 1345 quaestione
1058 1286 1226 1330 videtur
1247 1288 1542 1344 praecipuum,

211 1507 265 1552 (1)
293 1508 395 1542 Duos
422 1506 603 1552 distingue
629 1516 743 1540 casus,
774 1505 981 1552 Aliquando
1010 1505 1105 1540 actio
1134 1514 1186 1540 est
1214 1505 1298 1539 bona
1326 1506 1382 1539 vel
1414 1505 1542 1540 saltem

119 1564 323 1610 indifferens,
350 1577 391 1600 ex
411 1577 452 1600 ea
478 1574 599 1599 tamen
627 1564 786 1611 sequitur
813 1563 961 1599 effectus
989 1564 1105 1598 malus
1132 1565 1177 1609 (e.
1198 1575 1230 1610 g.
1252 1575 1350 1598 mors
1372 1563 1544 1609 alterius).

119 1624 326 1671 Aliquando
354 1625 447 1659 actio
475 1633 527 1659 est
554 1623 645 1658 mala
672 1624 852 1657 ‚nm-aliter
879 1624 928 1669 (e.
957 1636 989 1670 g.
1018 1624 1154 1658 occisio
1183 1623 1320 1669 privata
1359 1623 1437 1657 sine
1475 1633 1543 1657 ne-

115 1685 283 1718 cessitate
310 1683 563 1727 defensionis),
591 1693 624 1719 at
649 1695 693 1718 ex
721 1695 762 1717 ea
790 1684 948 1730 sequitur
987 1683 1136 1718 effectus
1174 1684 1307 1717 bonus.
1346 1683 1387 1716 In
1426 1683 1544 1728 primo

117 1753 215 1784 casu,
242 1743 319 1777 (ieri
346 1743 509 1788 quaestio
538 1751 670 1788 potest,
696 1750 815 1777 utrum
844 1742 1037 1788 aliquando
1056 1743 1099 1776 sit
1119 1742 1254 1776 licitum
1276 1752 1411 1787 ponere
1438 1741 1546 1776 actio-

117 1814 203 1837 nem
232 1802 345 1845 illam,
371 1814 444 1837 non
473 1803 638 1837 abstante
666 1801 795 1836 effectu
824 1801 886 1836 illo
914 1802 1026 1844 malo,
1056 1802 1113 1848 qui
1142 1813 1185 1836 ex
1211 1813 1251 1836 ea
1285 1801 1456 1848 sequitur:
1485 1812 1544 1836 re-

120 1861 320 1907 spondetur
346 1869 465 1895 autem
494 1860 720 1902 affirmative,
748 1860 942 1907 aliquando
972 1860 1005 1894 id
1032 1860 1153 1902 licere,
1179 1872 1290 1907 quum
1319 1871 1449 1905 nempe
1487 1858 1544 1893 ef-

117 1919 233 1955 fectus
261 1919 375 1955 malus
402 1922 538 1955 censeri
567 1928 685 1965 potest
707 1920 889 1966 permissus
916 1921 958 1954 ab
983 1920 1047 1954 illo
1076 1919 1134 1966 qui
1163 1920 1265 1964 ponit
1294 1930 1451 1961 causam,
1471 1930 1544 1954 non

118 1989 242 2015 autern
270 1981 302 2015 ei
331 1980 558 2014 voluntarius.
597 1980 636 2014 In
675 1980 788 2014 altero
828 1989 948 2014 autem
988 1991 1071 2014 casu
1109 1979 1208 2014 nulla
1248 1979 1388 2014 institui
1428 1987 1547 2024 potest

119 2039 298 2086 quaestio,
328 2038 384 2074 vel
412 2047 507 2074 certe
534 2039 655 2074 statim
684 2049 736 2074 est
763 2040 929 2085 negative
956 2040 1129 2074 solvenda
1168 2050 1211 2073 ex
1251 2039 1314 2073 illo
1353 2038 1544 2086 principio,

121 2109 196 2132 non
223 2110 300 2134 esse
326 2098 489 2133 facienda
516 2098 612 2133 mala
640 2109 677 2134 ut
704 2099 850 2134 veniant
878 2100 971 2133 bona
1000 2099 1055 2133 vel
1083 2108 1120 2134 ut
1147 2100 1304 2134 vitentur
1330 2098 1434 2134 mala.

213 2158 265 2204 (2)
289 2158 338 2194 Ut
365 2158 458 2194 idem
487 2158 530 2193 de
559 2159 662 2205 Lugo
682 2158 883 2193 ratiocinari
914 2158 1042 2205 pergit,
1061 2158 1130 2193 loc.
1159 2159 1229 2200 cit.,
1257 2169 1279 2191 «
1298 2169 1372 2192 non
1403 2165 1548 2192 excusat

116 2217 233 2254 timor
251 2218 434 2254 dedecoris
453 2231 495 2254 ex
515 2219 742 2254 recusatione
771 2218 894 2260 duelli,
924 2219 1005 2265 quia
1026 2218 1059 2253 id
1078 2229 1151 2252 non
1172 2217 1273 2258 facit,
1296 2218 1391 2265 quod
1411 2218 1548 2252 occisio

123 2281 170 2316 sit
185 2277 360 2321 defensio,
379 2290 460 2312 cum
481 2290 590 2313 nemo
610 2288 644 2313 te
663 2278 822 2321 invadat,
844 2287 903 2312 aut
923 2277 1007 2312 velit
1026 2277 1089 2312 tibi
1108 2277 1223 2312 invito
1242 2276 1379 2324 aliquid
1397 2276 1547 2313 auferre.

117 2340 245 2382 Quare
273 2339 450 2384 patienter
475 2338 663 2373 toler.1nda
691 2347 742 2372 est
771 2338 970 2385 ignominia
998 2338 1070 2381 illa,
1098 2349 1348 2385 quaecumque
1375 2340 1430 2381 sit,
1458 2349 1550 2385 quae

123 2412 165 2435 ex
193 2411 236 2433 eo
265 2399 390 2441 oritur,
420 2398 515 2445 quod
542 2399 595 2433 vis
622 2400 817 2433 observare
845 2398 963 2444 legem
993 2398 1075 2440 Dei,
1098 2409 1165 2444 qua
1194 2398 1406 2444 prohibetur
1430 2399 1551 2433 occisio

114 2463 262 2505 privata
288 2459 357 2492 sine
383 2458 570 2492 nscesst'latss
599 2456 812 2501 defensionis,
839 2457 954 2503 qualis
994 2456 1055 2491 illa
1083 2457 1159 2492 erit:
1199 2458 1297 2492 sicut·
1317 2457 1345 2492 si
1385 2458 1550 2504 ignomi-

120 2517 220 2552 niam
248 2517 449 2552 incurreres
477 2526 625 2563 propter
651 2516 919 2551 observantiam
943 2516 1121 2562 praecepti
1149 2517 1243 2550 circa
1263 2517 1464 2552 castitatem
1493 2517 1552 2553 vel

123 2575 266 2614 aliquid
293 2575 401 2610 aliud.
422 2588 443 2609 >›
