1737 2802
1539 0 1653 25 ‹flea-*ff

258 238 311 275 59.
337 228 461 262 Homo
490 237 532 260 ex
560 224 711 259 naturali
741 223 955 258 necessitate
981 221 1057 256 vult
1083 220 1151 256 sibi
1177 221 1330 255 bonum.
1349 246 1357 254 .
1407 246 1414 254 .
1467 245 1477 255 .
1548 217 1600 255 ib.

257 287 316 323 60.
343 287 490 331 Duplex
531 284 766 330 distinguitur
797 283 948 317 bonum:
979 301 1022 307 —
1051 290 1407 326 verum,·apparens.
1435 304 1444 313 .
1495 305 1502 313 .
1551 277 1602 315 ib.

258 346 315 382 61.
343 346 465 380 Homo
494 343 646 378 naturali
674 351 816 377 tenetur
849 340 971 375 officio
999 359 1043 365 -—
1071 338 1263 385 detegendi
1289 348 1393 372 suum
1421 347 1480 372 ve·
1572 333 1575 337 ”

354 415 434 438 rum
461 404 598 437 bonum
631 423 669 426 -κ-
701 411 856 448 suasque
884 400 1048 434 actiones
1083 397 1127 433 ad
1161 397 1250 433 illud
1291 397 1479 444 dirigendi.
1532 394 1604 432 216

261 464 319 499 62.
350 462 485 498 Omnia
511 461 671 496 hominis
707 460 751 494 ad
790 460 949 505 seipsum
986 459 1106 493 officia
1139 457 1374 492 includuntur
1412 457 1522 491 hac·'

359 522 518 569 generali
547 521 714 555 formula:
745 520 857 564 dilige
884 520 1042 565 teipsum
1072 529 1196 553 amore
1227 517 1408 552 ordinato.
1471 544 1480 553 .
1553 515 1603 552 ib.

170 584 200 630 ᾗ.
228 583 255 619 I.
284 583 336 616 De
365 582 479 628 officiis
507 581 618 628 quoad
647 581 813 614 animum.
878 605 1483 615 ...........
1534 587 1604 623 217

168 643 347 687 TheSiS
380 642 481 684 XX.
518 667 570 672 -
608 642 669 684 Da
704 639 826 697 officio
877 638 1065 682 tendendi
1112 638 1168 681 ad
1203 637 1306 696 finis
1350 638 1485 681 ultimi

348 715 638 756 assecutionem
667 720 740 769 per
774 712 865 768 Iegis
899 710 1123 754 custodiam
1165 725 1235 754 seu
1283 712 1483 754 exercita-

350 785 498 827 tionem
531 784 714 826 virtutis.
802 817 809 824 .
876 818 884 824 .
951 817 958 825 .
1026 817 1034 824 .
1100 816 1109 825 .
1176 816 1184 824 .
1250 816 1259 825 .
1325 814 1337 825 .
1401 816 1410 824 .
1475 816 1484 824 .
1548 779 1606 824 ib.

264 855 321 900 63.
348 856 667 890 Demonstratio.
695 875 741 880 —
760 854 892 889 Tliesis
913 862 965 888 est
988 852 1224 888 corollarium
1253 853 1487 899 praestitutae

361 914 538 949 formulae
565 915 744 959 generalis
750 939 1481 949 .............
1556 911 1607 946 ib.

266 972 321 1017 64.
350 974 561 1009 Scholion.
588 994 635 999 —
663 974 757 1008 Cura
783 972 948 1006 habenda
978 980 1030 1006 est
1056 971 1144 1007 boni
1172 971 1343 1006 nominis.
1419 998 1426 1005 .
1479 986 1494 1005 .·
1538 969 1608 1005 218

173 1033 204 1079 §-
232 1033 277 1068 II.
304 1034 356 1067 De
385 1032 498 1079 officiis
527 1032 637 1078 quoad
666 1040 785 1078 corpus
790 1056 1486 1066 .............
1539 1039 1608 1076 219

171 1093 352 1137 Thesis
386 1093 507 1135 XXI.
542 1116 599 1124 —
633 1092 695 1134 De
742 1092 959 1134 intrinseca
1009 1090 1266 1148 turpitudine
1315 1089 1486 1134 suicidii.
1551 1088 1608 1132 ib.

270 1165 327 1211 65.
354 1165 678 1199 Demonstratio.
703 1184 750 1190 —
783 1175 808 1198 1.
836 1165 935 1198 Deus
962 1175 1081 1197 rerum
1110 1163 1277 1197 omnium
1317 1161 1489 1197 dominus

365 1223 540 1258 concedit
571 1224 710 1258 homini
752 1222 959 1256 dominium
1000 1222 1223 1268 plantarum,
1263 1222 1490 1264 animalium,

365 1284 588 1330 aliarumque
626 1295 757 1317 rerum:
788 1303 826 1307 —
865 1294 938 1316 non
979 1291 1099 1316 autern
1139 1281 1284 1315 homini
1322 1280 1494 1327 relinquit

368 1343 557 1377 arbitrium
585 1342 680 1376 vitae
705 1353 802 1376 suae.
829 1361 872 1367 —
902 1340 1117 1376 Ostenditur
1149 1340 1352 1386 dupliciter:
1377 1359 1420 1366 —
1448 1350 1492 1374 ex

366 1400 588 1435 revelatione
612 1420 659 1426 -—-
687 1412 728 1433 ex
755 1399 945 1444 principiis
971 1398 1052 1432 solo
1092 1399 1200 1432 etiarn
1240 1398 1392 1433 naturali
1431 1409 1492 1432 ra-

367 1461 475 1495 tionis
501 1460 642 1494 lumine
670 1459 839 1505 cognitis.
859 1478 902 1484 —
923 1458 1009 1492 Tria
1037 1469 1063 1492 s.
1083 1457 1253 1492 Thomae
1280 1466 1495 1504 argumenta

367 1521 596 1555 evolvuntur.
623 1530 668 1545 '—
709 1529 739 1552 2.
767 1519 858 1553 Satis
898 1517 937 1552 fit
975 1516 1257 1552 difficultatibus.
1288 1535 1332 1542 —
1359 1516 1494 1550 Utrum

364 1592 446 1615 reus
473 1589 590 1614 morte
618 1579 811 1613 damnatus
838 1578 952 1624 possit
972 1578 1050 1622 ipse
1077 1578 1112 1611 in
1145 1588 1184 1611 se
1210 1585 1381 1611 statutam
1410 1586 1494 1621 poe-

369 1652 452 1674 nam
482 1640 638 1686 exsequi.
701 1662 1492 1675 ..............
1566 1635 1618 1671 ib·

273 1700 330 1737 66.
356 1701 564 1736 Scholion.
591 1720 639 1726 —
670 1711 697 1734 1.
717 1700 755 1734 In
784 1698 939 1733 naturali
965 1697 1087 1732 officio
1116 1696 1358 1732 conservandi
1383 1696 1495 1730 vitam

371 1759 502 1805 duplex
531 1767 583 1793 est
618 1757 875 1803 distinguenda
916 1767 1009 1802 pars:
1036 1775 1081 1781 --
1108 1755 1290 1801 negativa,
1329 1753 1495 1800 positiva.

371 1838 415 1845 —
445 1818 542 1861 Quid
567 1827 718 1864 utraque
745 1829 826 1863 pars
854 1816 1063 1862 praecipiat.
1090 1807 1138 1841 -—'-
1164 1825 1195 1850 2.
1222 1815 1279 1848 An
1307 1813 1413 1848 liceat
1449 1813 1496 1847 ob
1526 1815 1529 1817 ’

374 1876 629 1912 rationabilem
655 1876 856 1922 iustamque
884 1885 1029 1909 causam
1057 1884 1133 1907 non
1173 1871 1299 1918 fugere
1337 1871 1498 1917 pericula

374 1937 501 1971 mortis
528 1947 569 1970 ex
595 1947 632 1970 se
659 1935 889 1969 obvenientia
919 1953 956 1958 —
989 1942 1048 1968 aut
1087 1933 1196 1967 etiam
1224 1931 1268 1966 iis
1299 1941 1337 1965 se
1367 1941 1405 1965 se
1431 1941 1496 1964 ex-

373 2008 523 2042 ponere.
541 2015 585 2021 —
603 1995 808 2030 Discrimen
836 1994 928 2028 inter
953 1992 1043 2026 haec
1071 1991 1156 2026 duo:
1178 2011 1219 2017 -
1239 1989 1402 2024 adimere
1429 1989 1498 2023 sibi

377 2055 488 2090 vitam
516 2074 560 2081 —
588 2054 671 2088 dare
699 2053 811 2087 vitam
830 2063 943 2094 suam,
965 2062 1103 2097 ponere
1130 2050 1293 2084 animam
1318 2059 1422 2083 suam
1488 2074 1496 2081 .
1548 2055 1616 2092 235

187 2117 452 2161 ARTlcULUS
486 2114 559 2157 III.
597 2138 650 2144 —
681 2114 743 2156 De
777 2111 914 2169 officiis
946 2109 1120 2152 hominis
1168 2122 1260 2164 erga
1307 2107 1422 2150 alios.
1488 2140 1498 2150 .
1532 2118 1621 2161 240

278 2185 334 2231 67.
362 2185 500 2220 Omnia
526 2195 612 2231 erga
639 2184 731 2218 alios
758 2169 1127 2217 officia'reducuntur
1151 2179 1196 2214 ad
1222 2179 1312 2213 haec
1340 2177 1425 2212 duo:
1452 2197 1497 2203 —

378 2255 423 2277 ne
450 2242 572 2277 laedas
600 2242 808 2288 proximum
837 2241 871 2274 in
899 2239 1003 2274 bonis
1031 2239 1103 2273 suis
1130 2258 1174 2263 —-
1201 2236 1391 2272 subvenias
1419 2245 1502 2281 pro-

376 2303 475 2336 ximo
503 2314 546 2337 ex
571 2302 678 2336 bonis
705 2301 787 2336 tuis.
817 2320 855 2325 —
876 2299 1072 2345 Utriusque
1100 2298 1245 2344 generis
1271 2294 1393 2331 officia
1419 2303 1502 2330 sunt

377 2360 553 2395 naturalia
560 2379 1501 2395 .................
1573 2351 1622 2386 ib.

282 2420 336 2456 68.
361 2421 486 2455 Priora
513 2429 595 2454 sunt
623 2418 743 2454 officia
771 2418 927 2454 iustitiae
966 2429 1029 2452 seu
1067 2415 1226 2450 iuridica:
1251 2434 1298 2440 —
1323 2412 1393 2448 alia
1418 2419 1502 2447 sunt

379 2480 500 2515 officia
528 2479 788 2514 beneficentiae
819 2489 881 2512 seu
909 2488 997 2523 pure
1036 2474 1192 2510 moralia
1196 2497 1502 2510 ......
1553 2477 1617 2511 241

285 2539 341 2586 69.
367 2541 494 2576 Priora
520 2548 603 2574 sunt
629 2539 810 2585 negativa:
837 2556 882 2563 —
909 2537 979 2571 alia
1006 2544 1088 2570 sunt
1113 2532 1342 2569 affirmativa.
1369 2558 1379 2568 .
1428 2557 1437 2566 .
1487 2555 1496 2564 .
1567 2527 1618 2562 ib.

285 2609 344 2646 70.
370 2599 473 2634 Ordo
501 2599 537 2633 in
563 2598 633 2632 hoc
673 2597 826 2632 articulo
864 2594 1071 2630 servandus
1135 2613 1500 2629 .......
1550 2594 1620 2630 242
