1737 2802
702 117 967 158 —261—

115 213 224 257 haec
257 210 409 269 duella,
431 226 563 269 aeque
596 228 642 255 ac
664 210 741 255 alia
765 211 922 254 similia
955 209 1112 254 iudicia
1134 225 1209 254 seu
1243 210 1404 254 similes
1443 225 1550 268 pro—

115 283 312 327 bationes
346 299 381 326 e.
406 299 448 340 g.
481 282 580 326 ferri
614 282 832 326 candentis
866 280 932 324 vel
965 296 1096 339 aquae
1119 281 1322 324 ferventis
1356 281 1444 340 (1),
1468 283 1547 325 Ec-

116 354 246 397 clesia
279 369 519 412 numquam
555 354 714 398 destitit
747 353 987 412 reprobare:
1023 366 1064 396 et
1096 352 1161 396 his
1195 353 1408 397 Ecclesiae
1443 369 1546 397 con-

117 424 468 468 demnationibus
502 426 730 483 praecipue
763 424 956 481 debetur,
989 425 1024 467 si
1072 423 1325 467 huiusmodi
1373 423 1548 478 abusus,

118 495 230 540 olim
265 496 541 549 universales,
578 512 598 538 a
631 498 791 540 nostris
826 495 1019 539 moribus
1054 496 1343 538 exsulaverint
1379 497 1452 553 (2).

243 574 284 628 γ)
318 569 479 621 Restat,
513 581 558 611 ut
592 568 643 612 de
677 568 828 611 duellis
863 584 913 610 ex
942 568 1118 625 privata
1150 568 1401 610 auctoritate
1430 580 1470 610 et
1495 565 1549 610 ob

120 641 337 697 privatam
370 655 539 682 causam
575 640 785 697 susceptis
820 653 1011 696 agamus,
1036 637 1190 681 Duella
1213 637 1315 681 haec
1349 653 1436 681 non
1461 652 1548 680 uno

120 709 370 767 eodemque
405 710 554 767 modo,
582 726 670 753 non
706 725 785 753 una
821 709 1058 767 eademque
1091 709 1142 752 de
1175 725 1299 752 causa
1335 708 1457 753 fiunt.
1492 733 1544 741 —

121 783 240 826 Nam
274 781 502 839 aliquando
536 781 643 824 fiunt
677 781 822 840 absque
871 781 958 824 ullo
1002 780 1281 839 praecedente
1331 779 1548 833 condicto,

119 851 353 910 aliquando
387 865 530 895 autem
564 852 671 895 fiunt
704 869 752 896 cx
787 852 1064 911 praecedente
1099 851 1298 895 condicto
1334 851 1383 895 de
1417 851 1550 894 armis

120 923 304 968 ‘testibus
333 923 429 967 loco
465 937 505 967 et
528 938 723 982 tempore
749 924 1023 981 confligendi.
1050 925 1095 968 Si
1133 933 1203 967 1¹¹¹.
1224 960 1235 977 ‚
1272 936 1372 966 tunc
1405 923 1551 980 potius

126 1011 261 1053 »quam
295 995 505 1052 duellum,
536 996 630 1038 rixa
666 994 843 1038 habetur
879 997 982 1038 inita
1016 1012 1064 1038 ex
1098 996 1181 1038 irae
1204 1008 1339 1052 aestu,
1373 995 1416 1037 in
1442 1008 1550 1037 con-

120 1068 281 1111 tinenti
316 1069 342 1111 i.
377 1084 412 1111 e.
435 1067 550 1110 nulla
584 1083 705 1111 mora
728 1068 959 1121 interiecta,
984 1068 1120 1125 iisque
1154 1083 1259 1125 quae
1285 1067 1352 1109 hic
1375 1079 1415 1109 et
1439 1081 1552 1109 nunc

124 1140 171 1182 in
207 1153 411 1197 promptu
446 1139 654 1182 habentur
687 1140 831 1196 arinis,
865 1139 915 1182 ad
948 1152 1164 1196 acceptam
1199 1139 1400 1181 iniuriam
1448 1138 1550 1180 vin-

130 1210 369 1255 dicandam.
406 1212 480 1254 Est
513 1223 656 1253 autem
690 1210 852 1264 illicita,
888 1223 933 1253 ut
968 1211 1051 1254 iam
1076 1209 1263 1253 diximus
1299 1215 1370 1266 (3),
1394 1209 1555 1266 privata

130 1283 182 1333 de
214 1287 398 1341 acceptis
432 1283 602 1325 iniuriis
647 1282 846 1325 vindicta.
883 1283 926 1326 Si
962 1291 1067 1338 2¹¹¹.‚
1101 1294 1203 1324 tunc
1252 1282 1426 1339 proprie
1474 1280 1555 1323 ha-

124 1354 251 1398 lbetur
281 1355 561 1397 mononmchia
608 1369 682 1396 seu
729 1352 924 1406 duellum,
960 1352 1076 1411 quod
1126 1351 1292 1396 definiri
1325 1353 1385 1395 sic
1431 1351 1554 1396 solet:

124 1439 342 1470 certamen
377 1426 581 1484 plurium,
615 1425 906 1468 communiter
940 1424 1131 1477 duorum,
1167 1441 1218 1467 ex
1265 1424 1427 1482 privata
1474 1439 1553 1467 au-

125 1498 326 1541 ctoritate
359 1509 400 1539 et
443 1496 496 1541 ob
545 1497 754 1554 privatam
804 1511 974 1538 causam
1024 1508 1290 1553 susceptum,
1325 1494 1556 1552 designatis
1612 1486 1617 1489 i

131 1581 252 1612 antea
283 1585 333 1611 ex
366 1568 567 1611 condicto
600 1567 773 1625 paribus
808 1569 937 1610 armis
973 1567 1023 1611 ad
1056 1566 1373 1611 vulnerandum
1407 1579 1448 1611 et
1481 1583 1558 1611 oc-

131 1640 361 1683 cidendum
395 1641 518 1698 aptiS‚
550 1655 719 1683 necnon
770 1639 950 1682 testibus
1002 1655 1077 1682 seu
1111 1638 1336 1692 iudicibus,
1370 1638 1468 1682 loco
1518 1651 1560 1682 et

128 1723 329 1769 tempore
364 1710 635 1768 confligendi.
660 1712 727 1754 De
761 1711 843 1754 hoc
877 1710 1021 1754 duello
1055 1725 1200 1754 sermo
1234 1709 1359 1753 nobis
1393 1721 1457 1753 est
1481 1709 1560 1752 hac

130 1783 176 1826 in
208 1782 334 1826 thesi.
363 1808 423 1814 —
457 1783 554 1825 Hoc
588 1794 730 1825 autem
766 1781 958 1825 duellum
991 1782 1136 1840 plures
1185 1781 1239 1825 ob
1289 1796 1436 1824 causas
1484 1796 1559 1823 seu

130 1853 299 1899 diversa
332 1853 386 1897 ob
422 1855 580 1896 motiva
612 1852 703 1896 fieri
738 1865 894 1910 potest.
930 1853 978 1897 E.
1011 1869 1051 1911 g.
1086 1852 1177 1896 fieri
1210 1863 1351 1911 potest
1385 1851 1435 1895 ad
1482 1867 1560 1894 ve·-

131 1927 264 1970 ritatis
298 1925 595 1984 probationem
620 1925 705 1983 (4),
731 1924 797 1968 vel
819 1924 869 1968 ad
902 1926 1061 1968 virium
1097 1925 1291 1982 corporis
1328 1924 1560 1982 peritiaeve

130 1999 175 2042 in
207 1999 336 2041 armis
369 1997 596 2041 tractandis
630 1997 981 2040 ostentationem.
1016 1996 1192 2040 Nostris
1225 2008 1371 2039 tamen
1411 1993 1561 2038 diebus

230 2285 284 2329 (1)
312 2283 369 2320 Cf.
395 2296 422 2321 s,
447 2283 646 2327 Thomam,
674 2294 706 2319 2.
734 2293 765 2319 2.
793 2295 824 2330 q.
853 2291 912 2329 95.
938 2289 1002 2317 art.
1029 2281 1060 2316 8.
1088 2280 1132 2316 ad
1161 2286 1214 2324 3¹¹².

229 2345 285 2390 (2)
312 2345 367 2380 De
392 2343 451 2378 his
477 2343 606 2378 duellis
633 2343 822 2378 iudiciariis
851 2341 898 2377 cf.
928 2340 1065 2384 Gerdil‚
1092 2352 1153 2387 op.
1182 2340 1242 2376 cit.
1269 2340 1371 2388 chap.
1399 2352 1504 2389 9·¹1·

226 2403 285 2451 (3)
314 2404 373 2439 Cf.
398 2415 513 2449 super.
541 2402 631 2438 thes.
656 2402 736 2437 VIl.
763 2402 972 2448 praesertim
1001 2411 1085 2447 pag.
1112 2408 1168 2448 93.

230 2464 284 2509 (4)
310 2464 366 2499 De
394 2462 516 2498 duello
542 2462 609 2497 hac
635 2463 679 2497 de
706 2474 811 2496 causa
853 2469 1021 2508 suscepto
1047 2459 1134 2495 illud
1175 2461 1287 2504 valet,
1317 2460 1415 2508 quod
1455 2461 1566 2507 paulo

132 2530 217 2562 ante
243 2522 398 2557 diximus
427 2522 469 2557 de
497 2521 627 2557 duellis
654 2522 891 2564 iudicialibus,
922 2532 1004 2555 cum
1031 2519 1160 2567 quibus
1202 2521 1385 2564 convenit,
1414 2529 1568 2567 excepto

135 2581 234 2628 quod
259 2581 471 2617 auctoritate
497 2593 571 2616 non
598 2580 743 2628 publica
769 2581 831 2616 sed
857 2580 996 2627 privata
1026 2578 1139 2615 fieret.
