1737 2802
843 124 1078 167 —86—

246 236 364 281 geret
396 239 494 280 prae
527 223 772 275 innocente,
807 222 989 266 sanciret
1035 222 1366 280 quodammodo
1399 222 1676 282 iniustitiam,

246 309 372 352 atque
405 295 672 352 aggressoris
704 293 823 336 fieret
859 293 1056 351 complex
1089 295 1165 352 (1).

363 367 419 408 At
453 366 568 408 enim
603 378 791 421 potestas
824 364 945 417 haec,
980 380 1062 422 qua
1094 364 1294 407 naturalis
1327 363 1393 408 lex
1435 364 1668 424 quemlibet

246 448 379 478 armat
411 436 456 478 in
489 436 553 478 sui
588 434 901 487 defensionem,
935 450 1162 493 quousque
1194 450 1267 478 seu
1303 444 1512 494 quantum
1545 450 1592 479 se
1622 451 1674 480 se

246 506 458 564 porrigit?
492 508 614 549 Anne
648 521 693 548 se
717 521 760 549 se
785 506 1002 564 protendit
1026 505 1075 548 ad
1099 521 1227 563 grave
1260 522 1397 565 usque
1421 506 1576 551 vulnus
1599 520 1674 551 aut

245 578 373 620 etiam
408 592 556 620 necem
594 578 740 620 iniusti
775 578 1071 634 aggressoris?
1105 578 1184 621 His
1228 577 1408 637 aliisque
1448 576 1672 623 difficilio-
1704 570 1707 573 i

246 648 378 701 ribus,
411 660 562 706 utpote
596 649 731 705 magis
756 648 1049 692 determinatis
1074 664 1148 692 seu
1184 648 1518 708 particularibus,
1541 649 1672 710 quae-

247 718 457 762 stionibus
491 719 799 762 satisfaciemus
825 719 951 777 paulo
976 719 1176 763 inferius:
1212 736 1298 779 quo
1321 719 1419 765 loco
1442 720 1520 765 alia
1541 721 1671 765 etiam

246 790 454 834 addemus
487 803 741 847 argumenta
773 791 823 834 ad
871 807 932 847 ea,
968 807 1075 849 quae
1109 790 1186 834 hac
1235 793 1277 835 in
1309 791 1420 853 thesi
1468 792 1674 849 diximus,

247 863 384 920 magis
419 864 643 920 magisque
678 861 985 905 confirmanda.
1020 864 1137 906 Haec
1180 864 1352 906 interim
1395 862 1673 908 animadver-

246 946 405 978 tantur.⁴

367 1006 413 1060 α)
447 1004 582 1061 Illius,
611 1006 684 1062 qui
735 1004 944 1048 damnum
991 1004 1130 1062 infert,
1178 1006 1361 1049 intentio
1410 1004 1534 1049 debet
1578 1020 1676 1050 esse

244 1084 367 1133 recta,
403 1077 428 1119 i.
463 1093 496 1120 e.
533 1076 723 1133 tendere,
757 1089 803 1119 ut
836 1077 919 1119 iam
952 1077 1254 1121 Innocentium
1289 1077 1365 1121 III.
1416 1076 1672 1136 loquentem

241 1147 499 1204 audivimus,
540 1166 559 1189 «
593 1164 680 1191 non
715 1147 765 1191 ad
800 1148 1031 1191 vindictam
1067 1148 1340 1201 sumendam,
1376 1148 1451 1192 sed
1483 1147 1533 1192 ad
1555 1148 1671 1193 iniu-v

239 1219 345 1261 riam
380 1219 714 1276 propulsandam
739 1233 777 1263 »·.
813 1219 903 1262 aliis
924 1219 1079 1276 verbis,
1102 1219 1276 1263 tendere
1301 1219 1352 1263 ad
1377 1219 1542 1263 bonum
1564 1235 1670 1278 pros

242 1292 400 1349 prium,
435 1292 549 1349 quod
585 1292 767 1335 iniustus
791 1307 1018 1349 aggressor
1042 1291 1234 1350 abripere
1258 1304 1450 1349 conatur,
1473 1292 1672 1336 retinen·-

241 1362 347 1405 dum
381 1375 420 1406 et
455 1363 813 1416 conservandum,
839 1364 893 1406 ita
928 1376 972 1405 ut
997 1363 1157 1406 malum
1183 1362 1429 1421 physicum,
1454 1361 1573 1422 quod
1595 1377 1669 1420 ag-

243 1435 430 1491 gressori
463 1434 654 1492 infertur,
686 1436 740 1478 sit
774 1448 938 1492 praeter
971 1435 1254 1478 intentionem
1291 1434 1509 1479 inferentis
1544 1433 1672 1482 etvab

245 1521 297 1549 eo
331 1518 494 1549 tantum
522 1508 805 1564 permittatur.
1521 1499 1524 1503 i

362 1575 412 1636 β)
448 1579 561 1620 Hinc
579 1572 687 1621 'illud
722 1577 940 1621 dumtaxat
964 1578 1169 1621 damnum
1198 1577 1344 1621 inferri
1368 1577 1481 1621 licite
1504 1587 1670 1638 potest,

245 1647 363 1705 quod
395 1662 458 1691 est
490 1650 755 1692 necessarlum
778 1648 828 1692 ad
851 1650 1048 1692 iniuriam
1075 1665 1148 1692 seu
1174 1649 1405 1692 imminens
1433 1646 1670 1706 periculum

244 1721 538 1764 avertendum.
567 1722 665 1764 Hoc
697 1722 877 1779 exprimi
911 1721 1041 1778 vulgo
1075 1720 1186 1764 solet
1218 1709 1272 1764 iis⁴
1301 1719 1454 1778 verbis,
1491 1733 1674 1763 servan·—

247 1791 350 1834 dum
383 1807 476 1834 esse
510 1792 761 1835 moderamen
796 1793 1027 1850 inculpatae
1059 1792 1218 1836 tutelae.
1262 1793 1411 1850 Itaque
1452 1792 1488 1835 si
1531 1790 1676 1849 possis

245 1863 506 1907 verberando
525 1863 689 1907 bonum
707 1877 830 1907 tuum
865 1879 1046 1921 servare,
1069 1877 1179 1908 certe
1199 1864 1350 1922 nequis
1375 1876 1674 1920 aggressorem

243 1933 466 1977 vulnerare
500 1935 728 1992 multoque
763 1937 906 1978 minus
956 1935 1210 1979 interficere:
1259 1935 1502 1978 intenderes
1550 1933 1667 1976 enim
1717 1970 1722 1976 .

244 2005 405 2050 malum
439 2007 647 2063 proximi,
682 2020 809 2065 atque
842 2023 987 2064 ageres
1022 2023 1075 2051 ex
1110 2009 1276 2051 motivo
1310 2006 1486 2050 ultionis
1535 2017 1576 2049 et
1619 2021 1671 2049 ex

243 2076 415 2121 formali
448 2079 488 2119 in
524 2080 771 2135 proximum
809 2078 924 2122 odio.

358 2154 401 2207 γ)
436 2149 626 2206 Oportet
660 2151 848 2208 insuper,
883 2164 927 2193 ut
951 2152 1060 2193 inter
1085 2150 1293 2194 damnum
1327 2141 1599 2195 inferendum
1627 2161 1668 2192 et

242 2219 422 2277 bonum,
453 2222 574 2264 cuius
604 2223 822 2279 possessio
858 2221 1114 2278 defenditur,
1139 2224 1401 2266 conveniens
1426 2222 1535 2266 adsit
1559 2235 1673 2279 pro-

242 2293 404 2349 portio,
440 2293 831 2352 Haec'proportiQ
866 2308 911 2337 ut
945 2295 1222 2351 perspicuum
1256 2292 1481 2362 afferamus
1515 2307 1669 2336 exem-

341 2574 394 2618 (1)
423 2573 480 2608 Cf.
506 2573 722 2620 Tongiorgi,
750 2574 831 2609 Eth.
861 2575 985 2619 partic.
1013 2585 1115 2609 num.
1146 2572 1225 2619 363.
