1737 2802
101 200 254 233 natura
285 188 386 231 huic
417 187 484 232 vel
516 187 576 231 illi
609 189 781 246 privato
816 188 1102 232 determinate
1134 200 1175 232 et
1209 188 1422 232 exclusive
1463 187 1542 232 ad·-

98 259 259 304 scribat
291 259 399 302 hanc
431 258 498 303 vel
531 259 647 302 illam
683 276 773 303 rem
801 259 1082 318 peculiarem.
1109 259 1307 313 Secundo,
1332 271 1542 318 quatenus

102 343 254 375 natura
284 331 449 373 nemini
482 346 575 373 rem
610 330 740 374 ullam
765 332 810 373 in
848 330 1094 388 particulari
1117 331 1320 388 assignet,
1343 329 1419 374 sed
1445 330 1541 374 uni-

100 404 259 461 cuique
292 401 364 446 det
397 414 656 459 potestatem
687 402 935 460 acquirendi
969 402 1047 446 sibi
1071 401 1328 460 (rationabili
1361 401 1539 460 quidem

104 476 307 532 iustoque
356 473 508 531 modo)
542 489 609 517 res
660 476 788 518 etiam
835 474 1018 518 stabiles:
1054 476 1188 517 homo
1238 486 1382 518 autem
1430 473 1540 518 hanc

104 557 364 604 potestatem
387 544 467 588 sibi
493 561 515 587 a
546 558 695 588 natura
718 545 870 588 factam
896 546 972 589 rite
996 561 1199 589 exercens
1223 561 1298 589 seu
1322 544 1372 589 ad
1395 557 1539 588 actum

107 615 334 668 reducens,
370 617 498 660 istam
532 618 600 660 vel
634 617 749 659 illam
784 633 876 660 rem
921 617 1180 675 sibimetipsi
1228 616 1423 660 ordinate
1470 628 1538 660 at—

102 687 276 732 tribuat.
312 689 355 731 Si
384 690 588 745 primum,
624 687 815 731 dominia
859 691 1021 746 privata
1069 702 1169 732 sunt
1203 706 1224 732 a
1257 700 1407 732 natura
1454 689 1538 732 im-

108 759 279 803 mediate
311 772 352 803 et
385 760 662 803 antecedenter
696 759 748 803 ad
788 760 1000 804 humanae
1024 761 1248 804 activitatis
1273 761 1539 805 exercitium.

99 832 147 876 Si
180 832 371 886 alterum,
388 833 572 890 proxime
596 832 771 890 quidem
795 845 1121 891 consequuntur
1146 832 1249 876 illud
1274 831 1434 876 factum
1458 831 1539 875 hu-

99 919 297 957 manum,
322 903 441 962 quod
463 905 504 946 vi
528 903 766 962 praedictae
795 905 1021 961 potestatis
1044 905 1236 962 ponitur,
1258 912 1403 948 remote
1434 918 1539 947 vero

98 987 204 1018 sunt
235 974 285 1017 ab
335 974 412 1018 hac
461 976 551 1032 ipsa
600 988 810 1032 potestate
846 989 885 1019 et
935 975 1120 1033 proinde
1153 991 1174 1018 a
1207 988 1368 1029 natura,
1401 991 1424 1018 a
1456 990 1541 1034 qua

103 1058 295 1104 potestas
330 1046 398 1089 illa
432 1046 700 1090 conceditur.

221 1123 421 1164 Iamvero
453 1120 652 1178 primum,
688 1133 734 1161 ut
770 1132 900 1176 patet,
928 1119 1011 1162 dici
1046 1120 1208 1177 nequit.
1231 1145 1288 1150 -—
1321 1120 1365 1162 Si
1393 1133 1539 1162 sermo

99 1191 157 1234 sit
191 1191 242 1234 de
277 1206 459 1248 corpore
494 1192 673 1249 eiusque
709 1191 941 1246 membris,
978 1191 1079 1235 haec
1112 1207 1212 1234 sane
1254 1203 1404 1233 natura
1449 1190 1542 1248 ipsa

105 1263 342 1319 unicuique
376 1274 576 1304 nostrum
612 1274 737 1320 aptat:
772 1278 818 1305 ac
858 1261 1038 1319 proinde
1071 1262 1315 1306 dominium
1349 1277 1424 1304 seu
1458 1262 1541 1316 ius,

97 1333 221 1393 quod
256 1332 478 1386 habemus,
514 1334 565 1376 iis
600 1333 747 1377 utendi
782 1346 846 1376 est
881 1333 1115 1377 immediate
1158 1333 1205 1376 ab
1254 1334 1344 1391 ipsa
1377 1345 1539 1377 natura.

101 1408 159 1449 At
191 1406 226 1448 si
250 1420 394 1448 sermo
429 1405 482 1447 sit
506 1404 557 1448 de
592 1404 719 1447 rebus
756 1418 877 1448 extra
911 1420 990 1448 nos
1015 1406 1182 1462 positis,
1206 1416 1354 1447 natura
1375 1403 1538 1447 nullam

102 1492 158 1520 ex
188 1477 239 1519 iis
274 1476 349 1519 ulli
383 1476 552 1520 homini
585 1478 628 1519 in
664 1476 913 1534 particulari
940 1476 1132 1534 applicat.
1175 1477 1339 1532 «Sunt,
1361 1488 1407 1518 ut
1428 1487 1541 1519 recte

99 1550 210 1593 dixit
244 1547 419 1591 Tullius
454 1550 535 1604 (1),
568 1549 728 1605 privata
762 1548 876 1590 nulla
907 1561 1071 1591 natura:
1100 1547 1175 1591 sed
1208 1559 1279 1590 aut
1310 1547 1444 1590 veteri
1467 1561 1541 1590 oc·

97 1621 330 1678 cupatione
359 1632 404 1662 ut
436 1621 509 1678 qui
534 1620 754 1678 quondam
789 1621 832 1662 in
856 1635 987 1662 vacua
1011 1632 1239 1675 venerunt,
1264 1632 1335 1662 aut
1356 1619 1538 1662 victoria

101 1706 147 1735 ut
180 1694 254 1750 qui
289 1692 399 1735 bello
433 1693 560 1749 potiti
611 1705 727 1748 sunt,
762 1705 833 1735 aut
883 1691 990 1749 lege,
1024 1692 1234 1750 pactione,
1268 1689 1537 1744 conditione,

100 1779 231 1810 sorte:
266 1782 316 1809 ex
350 1781 438 1823 quo
474 1763 537 1819 fit,
575 1778 619 1807 ut
671 1780 770 1821 ager
818 1765 1002 1821 Arpinas
1053 1764 1310 1821 Arpinatum
1360 1762 1539 1820 dicatur,

104 1837 383 1882 Tusculanus
439 1836 810 1881 Tusculanorum.
862 1835 1111 1893 Similisque
1159 1848 1223 1879 est
1275 1835 1538 1892 privatarum

98 1910 432 1968 possessionum
467 1909 716 1966 descriptio.
750 1927 771 1947 »
827 1909 993 1952 Eodem
1038 1923 1166 1952 sensu
1201 1908 1306 1951 dixit
1339 1924 1370 1951 s,
1405 1907 1538 1951 Tho-

103 1996 195 2024 mas
222 1982 298 2037 ‹]2):
339 1999 359 2022 «
379 1980 627 2024 Secundum
663 1981 727 2023 ius
752 1980 942 2023 naturale
976 1995 1062 2023 non
1086 1993 1149 2024 est
1174 1979 1398 2024 distinctio
1431 1994 1538 2038 pos-

96 2053 362 2096 sessionum.
386 2069 406 2091 »

217 2124 302 2168 Res
337 2124 469 2180 igitur
503 2136 567 2166 est
612 2123 740 2166 altero
782 2136 904 2181 pacto
957 2122 1250 2180 concipienda.
1285 2149 1339 2154 —
1371 2123 1537 2167 Natura

97 2194 332 2251 unicuique
356 2194 521 2238 confert
544 2207 803 2252 potestatem
830 2194 1040 2238 moralem
1065 2210 1138 2238 seu
1166 2197 1230 2238 ius
1251 2193 1535 2238 connectendi

192 2400 246 2444 (1)
273 2401 329 2435 De
357 2399 419 2435 off.
449 2401 471 2435 l.
501 2411 528 2435 1.
557 2413 586 2436 c.
616 2411 650 2446 7.

194 2459 245 2505 (2)
270 2459 308 2493 In
339 2469 370 2493 2.
399 2469 427 2493 2.
456 2471 491 2505 q.
520 2459 577 2495 66.
595 2471 626 2494 a.
656 2469 688 2495 2.
712 2479 749 2484 —
772 2460 814 2494 Et
842 2460 984 2502 Suarez,
1011 2459 1079 2495 def.
1097 2459 1180 2495 fidei
1208 2459 1230 2495 l.
1253 2470 1283 2504 3.
1303 2473 1332 2495 c.
1353 2471 1395 2495 2.:
1422 2470 1444 2492 «
1459 2460 1535 2495 Im-

94 2518 256 2555 mediate
283 2531 358 2554 non
386 2520 483 2554 dedit
509 2521 608 2555 Deus
632 2520 830 2566 (ordinarie
859 2520 1005 2567 loquor)
1031 2520 1138 2555 alicui
1177 2521 1319 2556 homini
1346 2523 1532 2568 proprium

93 2586 132 2612 et
159 2578 339 2624 peculiare
365 2578 570 2614 dominium
598 2579 751 2615 alicuius
779 2581 872 2622 rei,»
