1737 2802
769 108 1005 138 —10-

298 206 332 236 2.
369 193 534 235 Verum
570 191 620 234 de
654 191 746 248 lege
781 207 802 234 a
836 191 932 234 Deo
965 189 1062 243 lata,
1097 205 1172 232 seu
1217 189 1268 232 de
1316 189 1451 233 modo
1499 201 1598 233 ten-

175 263 299 306 dendi
337 264 377 304 in
413 261 559 315 finem,
594 263 790 319 geum-ica
840 262 968 305 nimis
1013 274 1138 320 atque
1173 261 1401 304 universali
1436 261 1600 305 ratione

175 335 303 376 locuti
342 334 544 377 hactenus
579 349 744 377 sumus.
782 334 827 376 Si
860 332 1127 390 generalibus
1162 332 1241 375 illis
1268 332 1461 375 contenti
1484 333 1600 390 prin-

177 406 294 462 cipiis
329 404 675 457 subsisteremus,
711 403 823 447 haud
858 403 1070 447 absimiles
1122 402 1370 446 videremur
1417 401 1599 456 rhetori,

174 476 246 534 qui
281 488 395 518 totus
431 477 471 518 in
506 491 557 518 eo
592 488 718 531 esset,
753 488 797 517 ut
831 474 999 518 dicendi
1033 475 1120 516 vim
1147 487 1187 517 et
1211 473 1440 518 efficaciam
1467 472 1598 516 disci-

175 545 284 605 pulis
319 546 659 603 commendaret,
694 548 853 604 quique
888 559 1028 589 tamen
1063 545 1167 588 nihil
1191 545 1362 589 adderet
1386 545 1437 589 de
1469 544 1594 598 locis,

175 634 224 662 ex
259 618 411 676 quibus
445 630 539 675 apta
570 617 621 660 ad
656 617 1002 675 persuadendum
1028 628 1281 674 argumenta
1304 616 1401 660 duci
1424 615 1595 669 debent,

174 690 360 747 itemque
397 689 445 732 de
480 688 697 732 affectibus
732 688 869 746 deque
904 688 1038 732 modo
1073 704 1146 732 eos
1181 687 1390 731 excitandi
1413 687 1598 731 omnino

174 760 328 805 sileret.
365 760 552 818 Oportet
587 761 732 817 igitur,
766 773 811 803 ut
845 759 895 804 de
943 760 1036 817 lege
1078 760 1216 817 magis
1265 760 1307 802 in
1354 757 1597 817 particulari

174 847 365 889 agamus,
399 831 503 874 illud
538 831 821 875 determinate
856 832 1140 890 inquirenteS,
1176 830 1279 889 quid
1301 831 1344 873 in
1367 830 1508 888 specie
1530 828 1600 873 lex

174 908 340 952 homini
377 908 581 951 concedat
615 924 689 951 seu
725 909 959 966 permittat,
993 907 1095 966 quid
1129 909 1166 952 ei
1212 905 1488 950 commendet
1529 905 1596 949 vel

175 980 361 1033 suadeat,
402 979 502 1037 quid
551 980 694 1022 stricte
743 980 984 1037 praecipiat,
1019 977 1122 1036 quid
1169 994 1314 1022 severe
1346 976 1599 1036 prohibeat:

175 1051 301 1108 idque
335 1066 465 1093 omne
499 1062 691 1093 accurate
726 1050 1042 1109 perpendamus
1076 1051 1119 1092 in
1163 1049 1312 1093 ordine
1360 1048 1411 1092 ad
1443 1049 1598 1102 varios,

173 1123 214 1164 in
249 1120 401 1178 quibus
436 1121 571 1164 homo
606 1123 780 1179 reperiri
816 1134 971 1180 potest,
1006 1134 1139 1165 status
1189 1137 1264 1164 seu
1314 1120 1601 1164 conditiones.

173 1193 347 1251 Duplici
383 1206 523 1236 autem
560 1195 601 1236 in
636 1206 763 1248 statu,
797 1207 843 1236 ut
877 1194 919 1236 111
954 1193 1148 1251 Prologo
1172 1193 1244 1252 (1)
1276 1193 1361 1236 iam
1391 1191 1599 1245 diximus,

173 1265 294 1309 debet
330 1265 466 1308 1101110
499 1267 679 1324 spectari
714 1292 766 1297 —-
802 1279 847 1308 ut
880 1265 1154 1309 individuum
1189 1278 1252 1308 est
1290 1281 1366 1309 seu
1411 1279 1595 1322 persona

173 1338 330 1395 privata
364 1362 421 1369 —
453 1350 500 1380 ut
523 1349 585 1380 est
610 1337 857 1381 membrum
882 1338 1222 1380 communitatis.
1248 1338 1395 1390 Quare
1418 1348 1600 1394 utraque

172 1409 274 1452 haec
309 1408 359 1452 de
394 1409 569 1451 homine
604 1409 890 1452 consideratio
925 1425 999 1452 seu
1034 1421 1213 1467 utraque
1258 1408 1360 1452 haec
1407 1407 1513 1465 legis
1546 1406 1598 1451 ad

174 1480 396 1523 hominem
433 1479 657 1537 applicatio
692 1492 754 1523 est
787 1481 864 1524 rite
898 1479 1174 1523 instituenda.

295 1566 332 1607 3.
358 1553 418 1594 Ex
443 1551 595 1609 quibus
620 1551 706 1594 duo
731 1551 832 1595 haec
855 1551 1021 1610 liquido
1047 1564 1258 1609 constant,
1282 1565 1439 1608 nempe
1461 1549 1599 1608 quod·

171 1636 268 1664 nam
302 1622 536 1666 intercedat
586 1623 815 1666 discrimen
867 1624 975 1666 inter
1023 1623 1130 1666 hanc
1179 1635 1219 1666 et
1267 1620 1593 1680 praecedentem

174 1706 349 1750 partem,
385 1709 553 1736 necnon
588 1709 798 1752 quaenam
832 1695 916 1736 sint
950 1695 1224 1752 quaestiones
1270 1694 1397 1737 altera
1444 1692 1522 1736 hac
1553 1693 1600 1735 in

171 1778 288 1824 parte
307 1765 639 1823 pertractandae.
666 1767 929 1809 Discrimem
954 1767 995 1809 in
1020 1783 1070 1810 eo
1099 1766 1310 1823 consistit,
1336 1764 1453 1824 quod
1477 1765 1598 1823 prior

171 1836 238 1879 illa
272 1853 365 1894 pars
395 1837 596 1893 generalis
629 1850 731 1894 erat,
765 1837 868 1880 haec
899 1854 1002 1881 vero
1036 1840 1166 1882 altera
1216 1850 1280 1882 est
1321 1837 1516 1896 specialis.
1550 1837 1598 1879 In

173 1907 248 1950 hac
283 1923 412 1964 porro
446 1907 573 1950 altera
606 1921 722 1965 parte
756 1907 808 1951 de
826 1908 960 1952 tribus
984 1909 1099 1952 hisce
1125 1922 1188 1952 est
1210 1909 1334 1952 nobis
1359 1911 1595 1965 agendum,

172 1978 366 2022 videlicet
401 2004 456 2012 —
491 1978 541 2022 de
575 1980 667 2022 iure
700 1981 741 2022 in
775 1996 930 2037 genere
963 2006 1019 2014 —
1053 1980 1104 2024 de
1137 1982 1226 2024 iure
1260 1979 1509 2025 individuali
1543 2007 1598 2013 —-

173 2051 223 2094 de
257 2051 349 2093 iure
385 2051 544 2094 sociali.

289 2136 328 2176 4.
365 2123 461 2165 Hoc
496 2124 626 2180 igitur
659 2124 700 2166 111
736 2125 870 2182 capite
904 2123 955 2167 de
1004 2125 1095 2167 iure
1129 2126 1365 2182 generatim
1399 2127 1597 2184 inspecto

169 2191 442 2235 disseremus:
464 2194 521 2235 sic
540 2208 681 2237 autem
701 2194 1015 2252 complebimus
1040 2212 1100 2249 ea,
1121 2211 1228 2253 quae
1252 2197 1381 2240 nimis
1409 2196 1596 2241 breviter

171 2262 355 2306 diximus
390 2264 440 2307 de
476 2267 632 2309 virtute
667 2267 871 2311 iustitiae.

267 2489 320 2534 (1)
347 2489 430 2524 Vol.
458 2491 482 2525 I.
511 2503 609 2526 num.
639 2493 680 2527 11.
709 2506 788 2539 pag.
817 2494 914 2529 XIII.
