1737 2802
789 124 848 130 -.
883 110 968 153 254
1000 122 1057 131 ..

209 202 306 246 Non
341 199 499 256 occides,
532 198 602 256 qui
639 198 731 241 Deo
782 209 955 239 auctore
987 195 1094 239 bella
1133 207 1375 252 gesserunt,
1408 205 1481 238 aut
1532 207 1634 251 per-

206 289 361 317 sonam
395 282 590 329 gerentes
625 268 815 328 publicae
849 269 1072 326 potestatis
1105 267 1349 311 secundum
1383 266 1474 309 eius
1502 263 1636 322 legeS,

207 346 288 388 hoc
323 356 402 393 est,
436 342 697 385 iustissimae
730 341 907 384 rationis
942 341 1192 398 imperium,
1227 339 1456 383 sceleratos
1491 348 1634 380 morte

208 417 491 475 punierunt.»
523 439 576 446 —
605 411 780 470 Addidi,
803 421 921 456 extra
954 426 1096 456 casum
1123 411 1367 455 necessariae
1388 408 1635 468 defensionis

205 496 344 532 contra
379 487 579 530 iniustum
614 486 722 527 vitae
756 499 1041 542 aggressorem.
1085 483 1198 528 Nam
1232 483 1311 526 etsi
1358 497 1447 525 non
1495 479 1635 524 desint

207 560 279 617 qui
315 557 527 601 affirment
561 572 678 613 eum,
701 557 773 613 qui
809 557 850 598 in
886 571 937 599 eo
974 571 1071 598 casu
1097 554 1305 597 iniustum
1327 554 1437 596 vitae
1460 567 1634 610 aggres-

206 646 351 674 sorem
386 627 555 681 occidit,
590 627 785 670 occidere
819 628 1072 670 auctoritate
1106 641 1193 668 non
1227 625 1389 683 privata
1426 623 1501 668 sed
1548 639 1634 681 pu·-

206 701 312 745 blica
345 701 422 760 (ηε
455 713 614 754 tamen,
643 701 726 744 hoc
760 700 808 743 ab
843 697 1091 743 auctoribus
1126 697 1404 741 communius
1438 707 1636 753 negatur,

207 772 336 831 idque
368 772 459 816 fieri
492 772 743 816 auctoritate
773 772 942 830 privata
972 771 1187 813 asseritur.
1222 769 1273 812 Et
1297 780 1409 812 recte
1442 766 1634 825 quidem.

207 849 421 890 Innocens
457 844 591 896 enim,
618 845 738 886 cuius
763 844 848 885 vita
877 842 1111 899 impetitur,
1135 855 1222 884 non
1259 838 1415 883 occidit
1437 850 1484 881 ut
1507 836 1635 881 iudex

205 915 271 959 vel
296 916 493 974 princeps
528 928 848 973 repraesentans
884 911 1194 970 rempublicam
1231 910 1298 954 vel
1332 909 1502 969 publico
1550 923 1635 952 no—

205 988 321 1030 mine
356 1003 430 1030 seu
465 999 511 1030 ut
545 1000 608 1030 est
643 999 788 1030 custos
823 985 925 1028 boni
959 984 1133 1043 publici,
1177 983 1251 1027 sed
1285 999 1336 1027 eo
1374 984 1467 1026 iure
1515 980 1634 1040 quod

197 1060 387 1118 quisque
420 1058 558 1116 habet,
592 1071 638 1105 ut
672 1071 734 1101 est
758 1069 903 1100 custos
939 1058 999 1100 rei
1023 1072 1136 1109 suae3
1173 1071 1260 1114 quo
1283 1055 1375 1098 iure
1397 1054 1528 1098 noxia
1560 1068 1632 1096 re-

205 1131 387 1175 tundere
421 1144 460 1174 et
493 1132 581 1174 vim
616 1131 656 1173 vi
681 1129 884 1188 repellere
918 1140 1076 1186 potest,
1102 1143 1188 1186 quo
1213 1128 1341 1170 etiam
1376 1126 1522 1170 omnia
1545 1125 1632 1168 ani-

204 1205 363 1247 mantia
396 1215 576 1246 utuntur
608 1202 692 1261 (2).

325 1276 520 1328 Quaeres
553 1286 696 1318 autern
737 1273 816 1332 1⁰.)
849 1285 996 1316 utrum
1045 1273 1095 1314 iis
1143 1271 1298 1326 verbis,
1339 1287 1420 1315 non
1473 1271 1633 1325 occides,

203 1346 484 1405 prohibeatur
512 1345 794 1390 solummodo
820 1346 980 1389 occisio
1011 1345 1232 1403 proximi?
1257 1370 1311 1377 —
1337 1343 1507 1389 Scilicet
1530 1359 1632 1403 pro-

203 1419 373 1463 hibetur
398 1419 601 1478 primario
635 1434 709 1461 seu
738 1419 949 1476 praecipue
1000 1415 1304 1474 homicidium,
1351 1431 1439 1460 non
1483 1427 1629 1460 autem

203 1490 504 1547 tantummodo,
547 1489 621 1532 sed
670 1489 797 1532 etiam
846 1488 1073 1542 mutilatio,
1120 1488 1378 1545 vulneratio,
1426 1486 1628 1531 verbera-

203 1563 266 1606 tio
300 1563 375 1619 (3l‚
409 1562 572 1620 paucIS,
611 1561 766 1604 iniuria
815 1561 989 1617 quaevis
1039 1560 1082 1603 in
1130 1560 1264 1603 vitam
1311 1571 1353 1603 et
1401 1574 1631 1618 personam

203 1634 403 1692 proximi.
456 1633 577 1686 Quin
628 1634 732 1686 imo,
782 1644 828 1674 ut
877 1631 1178 1675 animadvertit
1225 1647 1258 1675 s.
1306 1629 1505 1675 Thomas
1544 1630 1630 1690 (4),

202 1704 402 1749 Christus
436 1705 654 1747 Dominus
688 1703 771 1746 hoc
804 1703 1017 1761 explicans
1053 1715 1329 1762 praeceptum
1364 1702 1446 1761 (ς),
1496 1720 1519 1743 <<
1542 1717 1631 1746 non

201 1775 344 1819 solum
379 1775 526 1819 docuit
557 1790 637 1818 nos
673 1790 820 1818 cavere
845 1773 893 1817 ab
928 1772 1284 1828 homicidio5sed
1309 1772 1357 1817 ab
1380 1774 1459 1818 ira.
1483 1773 1630 1817 Bonus

295 2030 344 2075 (1)
370 2031 468 2065 Haec
494 2030 635 2066 videtur
672 2041 750 2066 esse
789 2031 968 2066 sententia
1010 2031 1211 2078 Vasquesii‚
1248 2039 1348 2066 tract.
1387 2030 1432 2066 de
1470 2030 1626 2067 restitut.

192 2099 278 2135 cap.
306 2089 350 2123 11.
381 2090 412 2135 §-
442 2099 468 2124 1.
488 2088 570 2124 dub.
590 2088 619 2124 6.
641 2101 745 2124 num.
775 2090 839 2134 18„
857 2090 998 2124 aientis:
1027 2101 1050 2124 «
1069 2090 1128 2137 qui
1146 2089 1280 2125 occidit
1298 2089 1335 2124 in
1361 2087 1629 2135 defensionem,

200 2156 238 2182 ut
266 2147 408 2194 publica
434 2159 588 2194 persona
615 2147 658 2182 ad
685 2148 719 2182 id
747 2147 825 2182 iure
852 2147 1007 2183 naturali
1036 2147 1212 2183 destinata
1239 2147 1384 2182 occidit.
1404 2161 1421 2179 »

293 2207 344 2253 (2)
373 2206 429 2242 Cf.
470 2208 667 2251 Becanum,
693 2207 736 2242 de
763 2208 838 2242 iure
876 2215 910 2242 et
951 2208 1033 2243 iust.
1073 2218 1152 2254 cap.
1178 2206 1309 2242 LXIV.
1335 2218 1367 2254 q.
1394 2205 1426 2242 6.
1453 2217 1554 2242 num.
1580 2205 1626 2251 6.;

201 2266 245 2301 de
271 2267 387 2313 Lugo,
415 2278 473 2313 op.
501 2275 536 2302 et
562 2267 584 2301 l.
611 2278 706 2314 saep.
733 2268 791 2303 cit.
819 2276 906 2303 sect.
933 2265 966 2302 6.
993 2278 1093 2302 num.
1126 2275 1197 2310 141.

295 2326 348 2372 (3)
374 2328 429 2361 De
455 2326 510 2361 his
537 2327 616 2374 lege
643 2338 670 2362 s.
698 2326 894 2370 Thomam‚
923 2337 955 2363 2.
987 2337 1017 2362 2.
1045 2339 1078 2374 q.
1105 2326 1162 2372 65.

295 2385 348 2431 (4)
375 2385 509 2432 Opusc.
536 2386 597 2422 IV.
624 2385 667 2422 de
693 2387 770 2422 dec.
810 2398 924 2433 praec.
963 2387 1017 2422 Ibi
1044 2386 1086 2422 de
1125 2387 1294 2434 passione
1332 2387 1406 2421 irae
1444 2384 1626 2433 praeclare

198 2444 326 2491 agitur.
355 2444 410 2480 Cf.
439 2456 493 2488 ea,
521 2457 609 2492 quae
636 2445 679 2481 de
700 2446 915 2493 passionibus
953 2446 1110 2481 diximus
1149 2458 1255 2493 supra
1292 2445 1367 2482 vol.
1395 2455 1423 2481 1.
1450 2456 1530 2492 cap.
1558 2444 1623 2481 VI.

190 2512 263 2540 tart.
294 2514 323 2539 1.

293 2562 347 2609 (5)
372 2563 498 2599 Matth.
525 2564 569 2600 V.
598 2574 652 2599 22.
