<?xml version="1.0" encoding="UTF-8"?>
<!DOCTYPE html PUBLIC "-//W3C//DTD XHTML 1.0 Transitional//EN"
    "http://www.w3.org/TR/xhtml1/DTD/xhtml1-transitional.dtd">
<html xmlns="http://www.w3.org/1999/xhtml" xml:lang="en" lang="en">
 <head>
  <title>
</title>
<meta http-equiv="Content-Type" content="text/html;charset=utf-8" />
  <meta name='ocr-system' content='tesseract 3.04.00' />
  <meta name='ocr-capabilities' content='ocr_page ocr_carea ocr_par ocr_line ocrx_word'/>
</head>
<body>
  <div class='ocr_page' id='page_1' title='image "./institutionesphi02ferr_0240.png"; bbox 0 0 1737 2802; ppageno 0'>
   <div class='ocr_carea' id='block_1_1' title="bbox 827 70 1093 114">
    <p class='ocr_par' dir='ltr' id='par_1_1' title="bbox 827 70 1093 114">
     <span class='ocr_line' id='line_1_1' title="bbox 827 70 1093 114; baseline 0 0"><span class='ocrx_word' id='word_1_1' title='bbox 827 70 1093 114; x_wconf 83' lang='lat'><strong>—228—</strong></span> 
     </span>
    </p>
   </div>
   <div class='ocr_carea' id='block_1_2' title="bbox 245 163 1678 1880">
    <p class='ocr_par' dir='ltr' id='par_1_2' title="bbox 245 163 1674 510">
     <span class='ocr_line' id='line_1_2' title="bbox 245 163 1671 225; baseline 0.001 -16"><span class='ocrx_word' id='word_1_2' title='bbox 245 168 377 225; x_wconf 78' lang='lat' dir='ltr'>primo</span> <span class='ocrx_word' id='word_1_3' title='bbox 412 181 501 208; x_wconf 84' lang='lat' dir='ltr'>rem</span> <span class='ocrx_word' id='word_1_4' title='bbox 537 163 857 208; x_wconf 83' lang='lat' dir='ltr'>consideramus</span> <span class='ocrx_word' id='word_1_5' title='bbox 892 164 1115 223; x_wconf 87' lang='lat' dir='ltr'>obiective,</span> <span class='ocrx_word' id='word_1_6' title='bbox 1155 177 1298 208; x_wconf 77' lang='lat' dir='ltr'>utrum</span> <span class='ocrx_word' id='word_1_7' title='bbox 1335 163 1377 208; x_wconf 95' lang='lat' dir='ltr'>id</span> <span class='ocrx_word' id='word_1_8' title='bbox 1421 164 1474 207; x_wconf 89' lang='lat' dir='ltr'>sit</span> <span class='ocrx_word' id='word_1_9' title='bbox 1506 163 1671 210; x_wconf 87' lang='lat' dir='ltr'>licitum</span> 
     </span>
     <span class='ocr_line' id='line_1_3' title="bbox 250 236 1674 296; baseline 0.001 -16"><span class='ocrx_word' id='word_1_10' title='bbox 250 253 395 282; x_wconf 79' lang='lat' dir='ltr'>necne.</span> <span class='ocrx_word' id='word_1_11' title='bbox 431 238 481 280; x_wconf 87' lang='lat' dir='ltr'>Et</span> <span class='ocrx_word' id='word_1_12' title='bbox 514 236 684 280; x_wconf 74' lang='lat' dir='ltr'>secundo</span> <span class='ocrx_word' id='word_1_13' title='bbox 718 252 941 294; x_wconf 81' lang='lat' dir='ltr'>negamus,</span> <span class='ocrx_word' id='word_1_14' title='bbox 977 237 1208 281; x_wconf 87' lang='lat' dir='ltr'>suicidium</span> <span class='ocrx_word' id='word_1_15' title='bbox 1242 251 1469 295; x_wconf 81' lang='lat' dir='ltr'><em>numquam</em></span> <span class='ocrx_word' id='word_1_16' title='bbox 1514 251 1674 296; x_wconf 87' lang='lat' dir='ltr'>perpe-</span> 
     </span>
     <span class='ocr_line' id='line_1_4' title="bbox 250 307 1672 368; baseline -0.001 -13"><span class='ocrx_word' id='word_1_17' title='bbox 250 310 347 355; x_wconf 85' lang='lat' dir='ltr'>trari</span> <span class='ocrx_word' id='word_1_18' title='bbox 381 322 474 352; x_wconf 91' lang='lat' dir='ltr'>actu</span> <span class='ocrx_word' id='word_1_19' title='bbox 499 308 733 352; x_wconf 79' lang='lat' dir='ltr'>voluntario</span> <span class='ocrx_word' id='word_1_20' title='bbox 755 321 795 352; x_wconf 91' lang='lat' dir='ltr'>et</span> <span class='ocrx_word' id='word_1_21' title='bbox 828 309 960 353; x_wconf 74' lang='lat' dir='ltr'>libero:</span> <span class='ocrx_word' id='word_1_22' title='bbox 985 310 1061 352; x_wconf 91' lang='lat' dir='ltr'>etsi</span> <span class='ocrx_word' id='word_1_23' title='bbox 1096 308 1357 368; x_wconf 86' lang='lat' dir='ltr'>quandoque</span> <span class='ocrx_word' id='word_1_24' title='bbox 1380 307 1506 366; x_wconf 80' lang='lat' dir='ltr'>desit,</span> <span class='ocrx_word' id='word_1_25' title='bbox 1527 320 1672 354; x_wconf 88' lang='lat' dir='ltr'>tamen</span> 
     </span>
     <span class='ocr_line' id='line_1_5' title="bbox 250 378 1674 438; baseline 0 -14"><span class='ocrx_word' id='word_1_26' title='bbox 250 394 297 425; x_wconf 88' lang='lat' dir='ltr'>ut</span> <span class='ocrx_word' id='word_1_27' title='bbox 331 379 566 438; x_wconf 81' lang='lat' dir='ltr'>plurimum</span> <span class='ocrx_word' id='word_1_28' title='bbox 600 378 717 422; x_wconf 87' lang='lat' dir='ltr'>adest</span> <span class='ocrx_word' id='word_1_29' title='bbox 749 378 962 422; x_wconf 85' lang='lat' dir='ltr'>sufficiens</span> <span class='ocrx_word' id='word_1_30' title='bbox 995 379 1258 424; x_wconf 90' lang='lat' dir='ltr'>advertentia</span> <span class='ocrx_word' id='word_1_31' title='bbox 1291 381 1467 424; x_wconf 90' lang='lat' dir='ltr'>rationis</span> <span class='ocrx_word' id='word_1_32' title='bbox 1516 393 1557 425; x_wconf 92' lang='lat' dir='ltr'>et</span> <span class='ocrx_word' id='word_1_33' title='bbox 1604 381 1674 424; x_wconf 90' lang='lat' dir='ltr'>in-</span> 
     </span>
     <span class='ocr_line' id='line_1_6' title="bbox 249 451 1044 510; baseline -0.001 -14"><span class='ocrx_word' id='word_1_34' title='bbox 249 452 488 496; x_wconf 87' lang='lat' dir='ltr'>differentia</span> <span class='ocrx_word' id='word_1_35' title='bbox 521 452 654 494; x_wconf 81' lang='lat' dir='ltr'>activa</span> <span class='ocrx_word' id='word_1_36' title='bbox 687 451 922 494; x_wconf 88' lang='lat' dir='ltr'>voluntatis</span> <span class='ocrx_word' id='word_1_37' title='bbox 957 451 1044 510; x_wconf 86' lang='lat'>(1).</span> 
     </span>
    </p>

    <p class='ocr_par' dir='ltr' id='par_1_3' title="bbox 249 522 1676 874">
     <span class='ocr_line' id='line_1_7' title="bbox 372 522 1673 582; baseline 0 -14"><span class='ocrx_word' id='word_1_38' title='bbox 372 529 414 574; x_wconf 81' lang='grc' dir='ltr'>α)</span> <span class='ocrx_word' id='word_1_39' title='bbox 448 522 686 568; x_wconf 85' lang='lat' dir='ltr'>Suicidium</span> <span class='ocrx_word' id='word_1_40' title='bbox 722 536 784 566; x_wconf 87' lang='lat' dir='ltr'>est</span> <span class='ocrx_word' id='word_1_41' title='bbox 819 536 937 566; x_wconf 88' lang='lat' dir='ltr'>actus</span> <span class='ocrx_word' id='word_1_42' title='bbox 969 523 1248 567; x_wconf 89' lang='lat' dir='ltr'>fortitudinis.</span> <span class='ocrx_word' id='word_1_43' title='bbox 1272 525 1405 582; x_wconf 82' lang='lat' dir='ltr'>Atqui</span> <span class='ocrx_word' id='word_1_44' title='bbox 1439 536 1554 568; x_wconf 86' lang='lat' dir='ltr'>actus</span> <span class='ocrx_word' id='word_1_45' title='bbox 1587 524 1673 568; x_wconf 90' lang='lat' dir='ltr'>for-</span> 
     </span>
     <span class='ocr_line' id='line_1_8' title="bbox 249 594 1673 653; baseline 0 -13"><span class='ocrx_word' id='word_1_46' title='bbox 249 596 444 640; x_wconf 89' lang='lat' dir='ltr'>titudinis</span> <span class='ocrx_word' id='word_1_47' title='bbox 473 608 535 639; x_wconf 91' lang='lat' dir='ltr'>est</span> <span class='ocrx_word' id='word_1_48' title='bbox 567 594 720 638; x_wconf 90' lang='lat' dir='ltr'>licitus.</span> <span class='ocrx_word' id='word_1_49' title='bbox 756 595 872 653; x_wconf 79' lang='lat' dir='ltr'>Ergo</span> <span class='ocrx_word' id='word_1_50' title='bbox 906 596 1144 639; x_wconf 84' lang='lat' dir='ltr'>suicidium</span> <span class='ocrx_word' id='word_1_51' title='bbox 1177 608 1241 638; x_wconf 83' lang='lat' dir='ltr'>est</span> <span class='ocrx_word' id='word_1_52' title='bbox 1275 594 1457 640; x_wconf 86' lang='lat' dir='ltr'>licitum.</span> <span class='ocrx_word' id='word_1_53' title='bbox 1479 621 1537 630; x_wconf 95' lang='lat'><strong>—</strong></span> <span class='ocrx_word' id='word_1_54' title='bbox 1571 597 1673 640; x_wconf 78' lang='lat' dir='ltr'>Dist.</span> 
     </span>
     <span class='ocr_line' id='line_1_9' title="bbox 249 666 1676 726; baseline -0.002 -12"><span class='ocrx_word' id='word_1_55' title='bbox 249 671 348 714; x_wconf 85' lang='lat' dir='ltr'>mai.</span> <span class='ocrx_word' id='word_1_56' title='bbox 383 667 625 713; x_wconf 86' lang='lat' dir='ltr'>Suicidium</span> <span class='ocrx_word' id='word_1_57' title='bbox 659 679 722 710; x_wconf 90' lang='lat' dir='ltr'>est</span> <span class='ocrx_word' id='word_1_58' title='bbox 753 680 870 710; x_wconf 89' lang='lat' dir='ltr'>actus</span> <span class='ocrx_word' id='word_1_59' title='bbox 904 668 1071 711; x_wconf 84' lang='lat' dir='ltr'>virtutis</span> <span class='ocrx_word' id='word_1_60' title='bbox 1102 666 1366 711; x_wconf 88' lang='lat' dir='ltr'>fortitudinis</span> <span class='ocrx_word' id='word_1_61' title='bbox 1398 683 1510 726; x_wconf 84' lang='lat' dir='ltr'>nego,</span> <span class='ocrx_word' id='word_1_62' title='bbox 1541 667 1676 712; x_wconf 88' lang='lat' dir='ltr'>firmi-</span> 
     </span>
     <span class='ocr_line' id='line_1_10' title="bbox 250 739 1674 799; baseline -0.001 -13"><span class='ocrx_word' id='word_1_63' title='bbox 250 743 347 786; x_wconf 83' lang='lat' dir='ltr'>tatis</span> <span class='ocrx_word' id='word_1_64' title='bbox 380 741 512 784; x_wconf 89' lang='lat' dir='ltr'>animi</span> <span class='ocrx_word' id='word_1_65' title='bbox 544 739 674 794; x_wconf 66' lang='lat' dir='ltr'>subd„</span> <span class='ocrx_word' id='word_1_66' title='bbox 708 739 919 783; x_wconf 86' lang='lat' dir='ltr'>firmitatis</span> <span class='ocrx_word' id='word_1_67' title='bbox 969 755 1089 784; x_wconf 79' lang='lat' dir='ltr'>verae</span> <span class='ocrx_word' id='word_1_68' title='bbox 1128 740 1260 783; x_wconf 88' lang='lat' dir='ltr'>animi</span> <span class='ocrx_word' id='word_1_69' title='bbox 1309 756 1419 799; x_wconf 78' lang='lat' dir='ltr'>nego,</span> <span class='ocrx_word' id='word_1_70' title='bbox 1451 739 1674 784; x_wconf 86' lang='lat' dir='ltr'>cuiusdam</span> 
     </span>
     <span class='ocr_line' id='line_1_11' title="bbox 249 811 1058 874; baseline -0.001 -16"><span class='ocrx_word' id='word_1_71' title='bbox 249 815 481 874; x_wconf 78' lang='lat' dir='ltr'>apparentis</span> <span class='ocrx_word' id='word_1_72' title='bbox 514 811 727 856; x_wconf 85' lang='lat' dir='ltr'>firmitatis</span> <span class='ocrx_word' id='word_1_73' title='bbox 762 813 892 855; x_wconf 90' lang='lat' dir='ltr'>animi</span> <span class='ocrx_word' id='word_1_74' title='bbox 928 821 1058 857; x_wconf 84' lang='lat' dir='ltr'>trans.</span> 
     </span>
    </p>

    <p class='ocr_par' dir='ltr' id='par_1_4' title="bbox 245 883 1678 1737">
     <span class='ocr_line' id='line_1_12' title="bbox 371 883 1677 943; baseline -0.002 -13"><span class='ocrx_word' id='word_1_75' title='bbox 371 887 460 931; x_wconf 83' lang='lat' dir='ltr'>Cui·</span> <span class='ocrx_word' id='word_1_76' title='bbox 493 887 606 929; x_wconf 87' lang='lat' dir='ltr'>enim</span> <span class='ocrx_word' id='word_1_77' title='bbox 641 886 735 943; x_wconf 89' lang='lat' dir='ltr'>quis</span> <span class='ocrx_word' id='word_1_78' title='bbox 768 884 846 928; x_wconf 84' lang='lat' dir='ltr'>sibi</span> <span class='ocrx_word' id='word_1_79' title='bbox 873 897 1059 928; x_wconf 88' lang='lat' dir='ltr'>mortem</span> <span class='ocrx_word' id='word_1_80' title='bbox 1095 883 1251 928; x_wconf 88' lang='lat' dir='ltr'>infert?</span> <span class='ocrx_word' id='word_1_81' title='bbox 1285 885 1346 928; x_wconf 88' lang='lat' dir='ltr'>Ex</span> <span class='ocrx_word' id='word_1_82' title='bbox 1369 900 1421 928; x_wconf 92' lang='lat' dir='ltr'>eo</span> <span class='ocrx_word' id='word_1_83' title='bbox 1454 884 1571 943; x_wconf 90' lang='lat' dir='ltr'>quod</span> <span class='ocrx_word' id='word_1_84' title='bbox 1593 885 1677 928; x_wconf 90' lang='lat' dir='ltr'>im·</span> 
     </span>
     <span class='ocr_line' id='line_1_13' title="bbox 250 957 1675 1018; baseline -0.001 -15"><span class='ocrx_word' id='word_1_85' title='bbox 250 960 410 1018; x_wconf 86' lang='lat' dir='ltr'>patiens</span> <span class='ocrx_word' id='word_1_86' title='bbox 445 973 767 1012; x_wconf 80' lang='lat' dir='ltr'>aerumnarum,</span> <span class='ocrx_word' id='word_1_87' title='bbox 793 957 947 1016; x_wconf 88' lang='lat' dir='ltr'>quibus</span> <span class='ocrx_word' id='word_1_88' title='bbox 973 959 1197 1016; x_wconf 87' lang='lat' dir='ltr'>premitur,</span> <span class='ocrx_word' id='word_1_89' title='bbox 1224 970 1412 1001; x_wconf 88' lang='lat' dir='ltr'>mortem</span> <span class='ocrx_word' id='word_1_90' title='bbox 1446 970 1493 1002; x_wconf 93' lang='lat' dir='ltr'>ut</span> <span class='ocrx_word' id='word_1_91' title='bbox 1528 959 1675 1002; x_wconf 86' lang='lat' dir='ltr'>minus</span> 
     </span>
     <span class='ocr_line' id='line_1_14' title="bbox 247 1029 1664 1089; baseline -0.001 -14"><span class='ocrx_word' id='word_1_92' title='bbox 247 1032 409 1080; x_wconf 88' lang='lat' dir='ltr'>malum</span> <span class='ocrx_word' id='word_1_93' title='bbox 442 1030 723 1089; x_wconf 78' lang='lat' dir='ltr'>apprehendit</span> <span class='ocrx_word' id='word_1_94' title='bbox 743 1042 783 1073; x_wconf 92' lang='lat' dir='ltr'>et</span> <span class='ocrx_word' id='word_1_95' title='bbox 815 1030 945 1087; x_wconf 82' lang='lat' dir='ltr'>eligit.</span> <span class='ocrx_word' id='word_1_96' title='bbox 972 1031 1089 1073; x_wconf 86' lang='lat' dir='ltr'>Haec</span> <span class='ocrx_word' id='word_1_97' title='bbox 1121 1045 1207 1073; x_wconf 94' lang='lat' dir='ltr'>non</span> <span class='ocrx_word' id='word_1_98' title='bbox 1233 1043 1296 1073; x_wconf 90' lang='lat' dir='ltr'>est</span> <span class='ocrx_word' id='word_1_99' title='bbox 1328 1031 1460 1073; x_wconf 88' lang='lat' dir='ltr'>animi</span> <span class='ocrx_word' id='word_1_100' title='bbox 1483 1029 1664 1074; x_wconf 85' lang='lat' dir='ltr'>firmitas</span> 
     </span>
     <span class='ocr_line' id='line_1_15' title="bbox 247 1101 1671 1160; baseline -0.001 -13"><span class='ocrx_word' id='word_1_101' title='bbox 247 1104 322 1148; x_wconf 91' lang='lat' dir='ltr'>sed</span> <span class='ocrx_word' id='word_1_102' title='bbox 356 1104 573 1147; x_wconf 81' lang='lat' dir='ltr'>mollities,</span> <span class='ocrx_word' id='word_1_103' title='bbox 609 1128 665 1136; x_wconf 91' lang='lat'>—</span> <span class='ocrx_word' id='word_1_104' title='bbox 698 1102 768 1147; x_wconf 83' lang='lat' dir='ltr'>Ad</span> <span class='ocrx_word' id='word_1_105' title='bbox 801 1117 891 1145; x_wconf 86' lang='lat' dir='ltr'>rem</span> <span class='ocrx_word' id='word_1_106' title='bbox 925 1117 957 1145; x_wconf 91' lang='lat' dir='ltr'>s.</span> <span class='ocrx_word' id='word_1_107' title='bbox 993 1101 1192 1146; x_wconf 87' lang='lat' dir='ltr'>Thomas</span> <span class='ocrx_word' id='word_1_108' title='bbox 1226 1102 1303 1160; x_wconf 89' lang='lat'>(2):</span> <span class='ocrx_word' id='word_1_109' title='bbox 1346 1102 1455 1146; x_wconf 86' lang='lat' dir='ltr'>«Ad</span> <span class='ocrx_word' id='word_1_110' title='bbox 1488 1101 1671 1146; x_wconf 88' lang='lat' dir='ltr'>fortitu-</span> 
     </span>
     <span class='ocr_line' id='line_1_16' title="bbox 248 1173 1676 1233; baseline -0.001 -14"><span class='ocrx_word' id='word_1_111' title='bbox 248 1175 393 1220; x_wconf 87' lang='lat' dir='ltr'>dinem</span> <span class='ocrx_word' id='word_1_112' title='bbox 427 1176 626 1233; x_wconf 86' lang='lat' dir='ltr'>pertinet,</span> <span class='ocrx_word' id='word_1_113' title='bbox 660 1174 777 1232; x_wconf 89' lang='lat' dir='ltr'>quod</span> <span class='ocrx_word' id='word_1_114' title='bbox 810 1175 961 1232; x_wconf 87' lang='lat' dir='ltr'>aliquis</span> <span class='ocrx_word' id='word_1_115' title='bbox 993 1173 1044 1217; x_wconf 78' lang='lat' dir='ltr'>ab</span> <span class='ocrx_word' id='word_1_116' title='bbox 1086 1174 1167 1217; x_wconf 82' lang='lat' dir='ltr'>alio</span> <span class='ocrx_word' id='word_1_117' title='bbox 1214 1187 1400 1218; x_wconf 85' lang='lat' dir='ltr'>mortem</span> <span class='ocrx_word' id='word_1_118' title='bbox 1449 1175 1535 1232; x_wconf 88' lang='lat' dir='ltr'>pati</span> <span class='ocrx_word' id='word_1_119' title='bbox 1586 1189 1676 1218; x_wconf 89' lang='lat' dir='ltr'>non</span> 
     </span>
     <span class='ocr_line' id='line_1_17' title="bbox 247 1245 1674 1305; baseline -0.001 -14"><span class='ocrx_word' id='word_1_120' title='bbox 247 1247 432 1305; x_wconf 79' lang='lat' dir='ltr'>refugiat</span> <span class='ocrx_word' id='word_1_121' title='bbox 456 1255 618 1305; x_wconf 73' lang='lat' dir='ltr'>propter</span> <span class='ocrx_word' id='word_1_122' title='bbox 649 1246 798 1290; x_wconf 78' lang='lat' dir='ltr'>bonnm</span> <span class='ocrx_word' id='word_1_123' title='bbox 819 1247 984 1289; x_wconf 76' lang='lat' dir='ltr'>virtutis</span> <span class='ocrx_word' id='word_1_124' title='bbox 1015 1259 1056 1290; x_wconf 90' lang='lat' dir='ltr'>et</span> <span class='ocrx_word' id='word_1_125' title='bbox 1105 1258 1151 1288; x_wconf 91' lang='lat' dir='ltr'>ut</span> <span class='ocrx_word' id='word_1_126' title='bbox 1183 1247 1288 1289; x_wconf 87' lang='lat' dir='ltr'>vitet</span> <span class='ocrx_word' id='word_1_127' title='bbox 1337 1257 1557 1304; x_wconf 87' lang='lat' dir='ltr'>peccatum</span> <span class='ocrx_word' id='word_1_128' title='bbox 1593 1245 1674 1303; x_wconf 66' lang='lat'>(3).</span> 
     </span>
     <span class='ocr_line' id='line_1_18' title="bbox 247 1316 1678 1377; baseline -0.002 -13"><span class='ocrx_word' id='word_1_129' title='bbox 247 1320 331 1364; x_wconf 89' lang='lat' dir='ltr'>Sed</span> <span class='ocrx_word' id='word_1_130' title='bbox 364 1320 479 1377; x_wconf 87' lang='lat' dir='ltr'>quod</span> <span class='ocrx_word' id='word_1_131' title='bbox 515 1319 666 1376; x_wconf 87' lang='lat' dir='ltr'>aliquis</span> <span class='ocrx_word' id='word_1_132' title='bbox 700 1317 862 1376; x_wconf 89' lang='lat' dir='ltr'>sibiipsi</span> <span class='ocrx_word' id='word_1_133' title='bbox 895 1317 1046 1361; x_wconf 89' lang='lat' dir='ltr'>inferat</span> <span class='ocrx_word' id='word_1_134' title='bbox 1079 1330 1283 1370; x_wconf 85' lang='lat' dir='ltr'>mortem,</span> <span class='ocrx_word' id='word_1_135' title='bbox 1319 1330 1365 1360; x_wconf 89' lang='lat' dir='ltr'>ut</span> <span class='ocrx_word' id='word_1_136' title='bbox 1413 1318 1516 1362; x_wconf 89' lang='lat' dir='ltr'>vitet</span> <span class='ocrx_word' id='word_1_137' title='bbox 1566 1316 1678 1361; x_wconf 82' lang='lat' dir='ltr'>mala</span> 
     </span>
     <span class='ocr_line' id='line_1_19' title="bbox 247 1388 1675 1450; baseline -0.002 -15"><span class='ocrx_word' id='word_1_138' title='bbox 247 1392 464 1450; x_wconf 75' lang='lat' dir='ltr'>poenalia,</span> <span class='ocrx_word' id='word_1_139' title='bbox 517 1390 640 1434; x_wconf 89' lang='lat' dir='ltr'>habet</span> <span class='ocrx_word' id='word_1_140' title='bbox 692 1389 867 1448; x_wconf 87' lang='lat' dir='ltr'>quidem</span> <span class='ocrx_word' id='word_1_141' title='bbox 920 1389 1144 1448; x_wconf 73' lang='lat' dir='ltr'>qnamdam</span> <span class='ocrx_word' id='word_1_142' title='bbox 1195 1391 1359 1448; x_wconf 75' lang='lat' dir='ltr'>speciem</span> <span class='ocrx_word' id='word_1_143' title='bbox 1411 1388 1675 1434; x_wconf 90' lang='lat' dir='ltr'>fortitudinis</span> 
     </span>
     <span class='ocr_line' id='line_1_20' title="bbox 245 1461 1675 1523; baseline -0.001 -16"><span class='ocrx_word' id='word_1_144' title='bbox 245 1464 444 1523; x_wconf 86' lang='lat' dir='ltr'>(propter</span> <span class='ocrx_word' id='word_1_145' title='bbox 478 1464 596 1523; x_wconf 90' lang='lat' dir='ltr'>quod</span> <span class='ocrx_word' id='word_1_146' title='bbox 630 1462 801 1521; x_wconf 87' lang='lat' dir='ltr'>quidam</span> <span class='ocrx_word' id='word_1_147' title='bbox 836 1463 1002 1520; x_wconf 85' lang='lat' dir='ltr'>seipsos</span> <span class='ocrx_word' id='word_1_148' title='bbox 1047 1461 1367 1520; x_wconf 83' lang='lat' dir='ltr'>interfecerunt,</span> <span class='ocrx_word' id='word_1_149' title='bbox 1399 1464 1675 1507; x_wconf 86' lang='lat' dir='ltr'>aestimantes</span> 
     </span>
     <span class='ocr_line' id='line_1_21' title="bbox 246 1534 1671 1595; baseline -0.001 -14"><span class='ocrx_word' id='word_1_150' title='bbox 246 1554 290 1582; x_wconf 92' lang='lat' dir='ltr'>se</span> <span class='ocrx_word' id='word_1_151' title='bbox 323 1536 489 1580; x_wconf 80' lang='lat' dir='ltr'>fortiter</span> <span class='ocrx_word' id='word_1_152' title='bbox 522 1551 661 1594; x_wconf 84' lang='lat' dir='ltr'>agere,</span> <span class='ocrx_word' id='word_1_153' title='bbox 695 1535 746 1578; x_wconf 93' lang='lat' dir='ltr'>de</span> <span class='ocrx_word' id='word_1_154' title='bbox 779 1550 965 1592; x_wconf 84' lang='lat' dir='ltr'>quorum</span> <span class='ocrx_word' id='word_1_155' title='bbox 1009 1549 1192 1578; x_wconf 86' lang='lat' dir='ltr'>numero</span> <span class='ocrx_word' id='word_1_156' title='bbox 1243 1536 1392 1580; x_wconf 88' lang='lat' dir='ltr'>Razias</span> <span class='ocrx_word' id='word_1_157' title='bbox 1427 1534 1544 1595; x_wconf 87' lang='lat' dir='ltr'>fuit),</span> <span class='ocrx_word' id='word_1_158' title='bbox 1581 1550 1671 1580; x_wconf 89' lang='lat' dir='ltr'>non</span> 
     </span>
     <span class='ocr_line' id='line_1_22' title="bbox 245 1605 1677 1664; baseline -0.001 -11"><span class='ocrx_word' id='word_1_159' title='bbox 245 1622 387 1653; x_wconf 87' lang='lat' dir='ltr'>tamen</span> <span class='ocrx_word' id='word_1_160' title='bbox 422 1620 484 1651; x_wconf 89' lang='lat' dir='ltr'>est</span> <span class='ocrx_word' id='word_1_161' title='bbox 519 1623 615 1651; x_wconf 77' lang='lat' dir='ltr'>vera</span> <span class='ocrx_word' id='word_1_162' title='bbox 649 1605 876 1662; x_wconf 82' lang='lat' dir='ltr'>fortitudo,</span> <span class='ocrx_word' id='word_1_163' title='bbox 910 1605 984 1649; x_wconf 90' lang='lat' dir='ltr'>sed</span> <span class='ocrx_word' id='word_1_164' title='bbox 1019 1606 1157 1663; x_wconf 86' lang='lat' dir='ltr'>magis</span> <span class='ocrx_word' id='word_1_165' title='bbox 1208 1605 1417 1664; x_wconf 85' lang='lat' dir='ltr'>quaedam</span> <span class='ocrx_word' id='word_1_166' title='bbox 1467 1605 1677 1651; x_wconf 88' lang='lat' dir='ltr'>mollities</span> 
     </span>
     <span class='ocr_line' id='line_1_23' title="bbox 245 1676 1486 1737; baseline 0 -14"><span class='ocrx_word' id='word_1_167' title='bbox 245 1681 377 1725; x_wconf 88' lang='lat' dir='ltr'>animi</span> <span class='ocrx_word' id='word_1_168' title='bbox 412 1694 499 1723; x_wconf 85' lang='lat' dir='ltr'>non</span> <span class='ocrx_word' id='word_1_169' title='bbox 533 1678 711 1722; x_wconf 86' lang='lat' dir='ltr'>valentis</span> <span class='ocrx_word' id='word_1_170' title='bbox 746 1677 854 1720; x_wconf 84' lang='lat' dir='ltr'>mala</span> <span class='ocrx_word' id='word_1_171' title='bbox 886 1676 1082 1735; x_wconf 86' lang='lat' dir='ltr'>poenalia</span> <span class='ocrx_word' id='word_1_172' title='bbox 1114 1678 1365 1721; x_wconf 82' lang='lat' dir='ltr'>sustinere»</span> <span class='ocrx_word' id='word_1_173' title='bbox 1407 1679 1486 1737; x_wconf 89' lang='lat'>(4).</span> 
     </span>
    </p>

    <p class='ocr_par' dir='ltr' id='par_1_5' title="bbox 245 1749 1677 1880">
     <span class='ocr_line' id='line_1_24' title="bbox 364 1749 1674 1812; baseline -0.001 -17"><span class='ocrx_word' id='word_1_174' title='bbox 364 1751 411 1812; x_wconf 72' lang='grc' dir='ltr'>β)</span> <span class='ocrx_word' id='word_1_175' title='bbox 445 1751 621 1795; x_wconf 88' lang='lat' dir='ltr'>Volenti</span> <span class='ocrx_word' id='word_1_176' title='bbox 657 1766 743 1793; x_wconf 93' lang='lat' dir='ltr'>non</span> <span class='ocrx_word' id='word_1_177' title='bbox 777 1749 822 1792; x_wconf 91' lang='lat' dir='ltr'>fit</span> <span class='ocrx_word' id='word_1_178' title='bbox 858 1750 1023 1793; x_wconf 89' lang='lat' dir='ltr'>iniuria.</span> <span class='ocrx_word' id='word_1_179' title='bbox 1064 1750 1180 1806; x_wconf 84' lang='lat' dir='ltr'>Ergo</span> <span class='ocrx_word' id='word_1_180' title='bbox 1215 1749 1450 1794; x_wconf 85' lang='lat' dir='ltr'>suicidium</span> <span class='ocrx_word' id='word_1_181' title='bbox 1486 1765 1574 1794; x_wconf 92' lang='lat' dir='ltr'>non</span> <span class='ocrx_word' id='word_1_182' title='bbox 1608 1762 1674 1794; x_wconf 90' lang='lat' dir='ltr'>est</span> 
     </span>
     <span class='ocr_line' id='line_1_25' title="bbox 245 1819 1677 1880; baseline -0.001 -13"><span class='ocrx_word' id='word_1_183' title='bbox 245 1825 399 1868; x_wconf 85' lang='lat' dir='ltr'>iniuria</span> <span class='ocrx_word' id='word_1_184' title='bbox 431 1823 497 1867; x_wconf 89' lang='lat' dir='ltr'>vel</span> <span class='ocrx_word' id='word_1_185' title='bbox 538 1822 760 1866; x_wconf 84' lang='lat' dir='ltr'>iniustitia:</span> <span class='ocrx_word' id='word_1_186' title='bbox 795 1823 866 1880; x_wconf 87' lang='lat' dir='ltr'>qui</span> <span class='ocrx_word' id='word_1_187' title='bbox 900 1822 1016 1864; x_wconf 89' lang='lat' dir='ltr'>enim</span> <span class='ocrx_word' id='word_1_188' title='bbox 1067 1819 1145 1863; x_wconf 90' lang='lat' dir='ltr'>sibi</span> <span class='ocrx_word' id='word_1_189' title='bbox 1194 1833 1383 1865; x_wconf 87' lang='lat' dir='ltr'>mortem</span> <span class='ocrx_word' id='word_1_190' title='bbox 1434 1822 1677 1877; x_wconf 87' lang='lat' dir='ltr'>consciscit,</span> 
     </span>
    </p>
   </div>
   <div class='ocr_carea' id='block_1_3' title="bbox 246 1935 476 1942">
    <p class='ocr_par' dir='ltr' id='par_1_6' title="bbox 246 1935 476 1942">
     <span class='ocr_line' id='line_1_26' title="bbox 246 1935 476 1942; baseline 0 0"><span class='ocrx_word' id='word_1_191' title='bbox 246 1935 476 1942; x_wconf 95' lang='lat' dir='ltr'> </span> 
     </span>
    </p>
   </div>
   <div class='ocr_carea' id='block_1_4' title="bbox 243 1994 1678 2576">
    <p class='ocr_par' dir='ltr' id='par_1_7' title="bbox 246 1994 1678 2094">
     <span class='ocr_line' id='line_1_27' title="bbox 338 1994 1678 2043; baseline -0.001 -12"><span class='ocrx_word' id='word_1_192' title='bbox 338 1998 394 2043; x_wconf 89' lang='lat'>(1)</span> <span class='ocrx_word' id='word_1_193' title='bbox 419 1997 512 2032; x_wconf 84' lang='lat' dir='ltr'>Vide</span> <span class='ocrx_word' id='word_1_194' title='bbox 541 2009 570 2032; x_wconf 88' lang='lat' dir='ltr'>e.</span> <span class='ocrx_word' id='word_1_195' title='bbox 598 2009 632 2043; x_wconf 84' lang='lat' dir='ltr'>g.</span> <span class='ocrx_word' id='word_1_196' title='bbox 662 2008 754 2043; x_wconf 80' lang='lat' dir='ltr'>quae</span> <span class='ocrx_word' id='word_1_197' title='bbox 781 1996 824 2031; x_wconf 89' lang='lat' dir='ltr'>de</span> <span class='ocrx_word' id='word_1_198' title='bbox 852 2005 971 2032; x_wconf 86' lang='lat' dir='ltr'>morte</span> <span class='ocrx_word' id='word_1_199' title='bbox 999 1995 1160 2031; x_wconf 90' lang='lat' dir='ltr'>Othonis</span> <span class='ocrx_word' id='word_1_200' title='bbox 1188 1996 1281 2042; x_wconf 89' lang='lat' dir='ltr'>Imp.</span> <span class='ocrx_word' id='word_1_201' title='bbox 1308 2004 1428 2030; x_wconf 85' lang='lat' dir='ltr'>narrat</span> <span class='ocrx_word' id='word_1_202' title='bbox 1469 1994 1678 2036; x_wconf 85' lang='lat' dir='ltr'>Svetonius‚</span> 
     </span>
     <span class='ocr_line' id='line_1_28' title="bbox 246 2056 669 2094; baseline -0.005 0"><span class='ocrx_word' id='word_1_203' title='bbox 246 2060 281 2094; x_wconf 89' lang='lat' dir='ltr'>in</span> <span class='ocrx_word' id='word_1_204' title='bbox 308 2058 459 2093; x_wconf 86' lang='lat' dir='ltr'>Othone</span> <span class='ocrx_word' id='word_1_205' title='bbox 487 2058 580 2091; x_wconf 85' lang='lat' dir='ltr'>circa</span> <span class='ocrx_word' id='word_1_206' title='bbox 607 2056 669 2092; x_wconf 88' lang='lat' dir='ltr'>fin.</span> 
     </span>
    </p>

    <p class='ocr_par' dir='ltr' id='par_1_8' title="bbox 244 2113 1678 2226">
     <span class='ocr_line' id='line_1_29' title="bbox 342 2113 1678 2164; baseline -0.003 -11"><span class='ocrx_word' id='word_1_207' title='bbox 342 2118 399 2164; x_wconf 83' lang='lat'>(2)</span> <span class='ocrx_word' id='word_1_208' title='bbox 427 2119 512 2153; x_wconf 85' lang='lat' dir='ltr'>Loc.</span> <span class='ocrx_word' id='word_1_209' title='bbox 539 2117 596 2152; x_wconf 89' lang='lat' dir='ltr'>cit.</span> <span class='ocrx_word' id='word_1_210' title='bbox 626 2116 668 2150; x_wconf 88' lang='lat' dir='ltr'>ad</span> <span class='ocrx_word' id='word_1_211' title='bbox 702 2122 751 2158; x_wconf 81' lang='lat'>5¹¹¹.</span> <span class='ocrx_word' id='word_1_212' title='bbox 781 2137 821 2142; x_wconf 87' lang='lat'><strong>—</strong></span> <span class='ocrx_word' id='word_1_213' title='bbox 851 2114 906 2151; x_wconf 79' lang='lat' dir='ltr'>Cf.</span> <span class='ocrx_word' id='word_1_214' title='bbox 934 2117 1120 2160; x_wconf 80' lang='lat' dir='ltr'>Descuret,</span> <span class='ocrx_word' id='word_1_215' title='bbox 1156 2115 1191 2149; x_wconf 82' lang='lat' dir='ltr'>la</span> <span class='ocrx_word' id='word_1_216' title='bbox 1226 2115 1392 2150; x_wconf 67' lang='lat' dir='ltr'>medecina</span> <span class='ocrx_word' id='word_1_217' title='bbox 1431 2114 1487 2150; x_wconf 78' lang='lat' dir='ltr'>des</span> <span class='ocrx_word' id='word_1_218' title='bbox 1519 2113 1678 2161; x_wconf 60' lang='lat' dir='ltr'>passioni·</span> 
     </span>
     <span class='ocr_line' id='line_1_30' title="bbox 244 2176 747 2226; baseline -0.002 -13"><span class='ocrx_word' id='word_1_219' title='bbox 244 2191 278 2226; x_wconf 93' lang='lat' dir='ltr'>p.</span> <span class='ocrx_word' id='word_1_220' title='bbox 308 2189 337 2216; x_wconf 85' lang='lat'>2.</span> <span class='ocrx_word' id='word_1_221' title='bbox 365 2179 420 2214; x_wconf 87' lang='lat' dir='ltr'>ch.</span> <span class='ocrx_word' id='word_1_222' title='bbox 446 2178 545 2212; x_wconf 89' lang='lat' dir='ltr'>XIII.</span> <span class='ocrx_word' id='word_1_223' title='bbox 574 2178 660 2212; x_wconf 87' lang='lat' dir='ltr'>circ.</span> <span class='ocrx_word' id='word_1_224' title='bbox 686 2176 747 2212; x_wconf 90' lang='lat' dir='ltr'>fin.</span> 
     </span>
    </p>

    <p class='ocr_par' dir='ltr' id='par_1_9' title="bbox 245 2233 1677 2343">
     <span class='ocr_line' id='line_1_31' title="bbox 340 2233 1677 2284; baseline -0.002 -12"><span class='ocrx_word' id='word_1_225' title='bbox 340 2239 396 2284; x_wconf 81' lang='lat'>(3)</span> <span class='ocrx_word' id='word_1_226' title='bbox 422 2237 515 2272; x_wconf 90' lang='lat' dir='ltr'>Vide</span> <span class='ocrx_word' id='word_1_227' title='bbox 541 2248 595 2279; x_wconf 77' lang='lat' dir='ltr'>ea.</span> <span class='ocrx_word' id='word_1_228' title='bbox 621 2248 711 2283; x_wconf 89' lang='lat' dir='ltr'>quae</span> <span class='ocrx_word' id='word_1_229' title='bbox 739 2236 782 2270; x_wconf 88' lang='lat' dir='ltr'>de</span> <span class='ocrx_word' id='word_1_230' title='bbox 804 2234 1032 2281; x_wconf 79' lang='lat' dir='ltr'>fortitudinis</span> <span class='ocrx_word' id='word_1_231' title='bbox 1058 2235 1189 2270; x_wconf 90' lang='lat' dir='ltr'>virtute</span> <span class='ocrx_word' id='word_1_232' title='bbox 1217 2234 1373 2270; x_wconf 84' lang='lat' dir='ltr'>diximus</span> <span class='ocrx_word' id='word_1_233' title='bbox 1399 2245 1517 2280; x_wconf 91' lang='lat' dir='ltr'>super.</span> <span class='ocrx_word' id='word_1_234' title='bbox 1544 2233 1616 2270; x_wconf 88' lang='lat' dir='ltr'>vol.</span> <span class='ocrx_word' id='word_1_235' title='bbox 1646 2242 1677 2269; x_wconf 86' lang='lat'>1.</span> 
     </span>
     <span class='ocr_line' id='line_1_32' title="bbox 245 2297 711 2343; baseline -0.006 -9"><span class='ocrx_word' id='word_1_236' title='bbox 245 2298 338 2334; x_wconf 86' lang='lat' dir='ltr'>thes.</span> <span class='ocrx_word' id='word_1_237' title='bbox 366 2297 493 2332; x_wconf 90' lang='lat' dir='ltr'>LVIII.</span> <span class='ocrx_word' id='word_1_238' title='bbox 521 2308 603 2343; x_wconf 89' lang='lat' dir='ltr'>pag.</span> <span class='ocrx_word' id='word_1_239' title='bbox 629 2306 711 2343; x_wconf 70' lang='grc'>449.</span> 
     </span>
    </p>

    <p class='ocr_par' dir='ltr' id='par_1_10' title="bbox 243 2353 1676 2576">
     <span class='ocr_line' id='line_1_33' title="bbox 342 2353 1676 2404; baseline -0.001 -12"><span class='ocrx_word' id='word_1_240' title='bbox 342 2358 398 2403; x_wconf 82' lang='grc'>(4)</span> <span class='ocrx_word' id='word_1_241' title='bbox 426 2357 519 2392; x_wconf 90' lang='lat' dir='ltr'>Vide</span> <span class='ocrx_word' id='word_1_242' title='bbox 547 2368 635 2404; x_wconf 84' lang='lat' dir='ltr'>quae</span> <span class='ocrx_word' id='word_1_243' title='bbox 663 2356 902 2404; x_wconf 82' lang='lat' dir='ltr'>pulcherrima</span> <span class='ocrx_word' id='word_1_244' title='bbox 929 2356 972 2391; x_wconf 93' lang='lat' dir='ltr'>de</span> <span class='ocrx_word' id='word_1_245' title='bbox 997 2355 1065 2391; x_wconf 90' lang='lat' dir='ltr'>hac</span> <span class='ocrx_word' id='word_1_246' title='bbox 1091 2367 1129 2390; x_wconf 89' lang='lat' dir='ltr'>re</span> <span class='ocrx_word' id='word_1_247' title='bbox 1167 2355 1277 2390; x_wconf 89' lang='lat' dir='ltr'>habet</span> <span class='ocrx_word' id='word_1_248' title='bbox 1314 2366 1341 2390; x_wconf 89' lang='lat' dir='ltr'>s.</span> <span class='ocrx_word' id='word_1_249' title='bbox 1367 2354 1594 2401; x_wconf 88' lang='lat' dir='ltr'>Augustinus</span> <span class='ocrx_word' id='word_1_250' title='bbox 1629 2353 1676 2390; x_wconf 88' lang='lat' dir='ltr'>de</span> 
     </span>
     <span class='ocr_line' id='line_1_34' title="bbox 244 2411 1673 2464; baseline -0.004 -11"><span class='ocrx_word' id='word_1_251' title='bbox 244 2419 312 2453; x_wconf 90' lang='lat' dir='ltr'>civ.</span> <span class='ocrx_word' id='word_1_252' title='bbox 339 2417 407 2452; x_wconf 89' lang='lat' dir='ltr'>Dei</span> <span class='ocrx_word' id='word_1_253' title='bbox 434 2417 456 2451; x_wconf 90' lang='lat' dir='ltr'>l.</span> <span class='ocrx_word' id='word_1_254' title='bbox 488 2428 514 2451; x_wconf 95' lang='lat'>1.</span> <span class='ocrx_word' id='word_1_255' title='bbox 541 2428 616 2462; x_wconf 85' lang='lat' dir='ltr'>cap.</span> <span class='ocrx_word' id='word_1_256' title='bbox 647 2426 702 2452; x_wconf 90' lang='lat'>22.</span> <span class='ocrx_word' id='word_1_257' title='bbox 727 2428 824 2464; x_wconf 88' lang='lat' dir='ltr'>seqq.</span> <span class='ocrx_word' id='word_1_258' title='bbox 850 2437 898 2443; x_wconf 89' lang='lat'>—</span> <span class='ocrx_word' id='word_1_259' title='bbox 914 2415 1009 2451; x_wconf 84' lang='lat' dir='ltr'>Vide</span> <span class='ocrx_word' id='word_1_260' title='bbox 1030 2416 1141 2450; x_wconf 88' lang='lat' dir='ltr'>etiarn</span> <span class='ocrx_word' id='word_1_261' title='bbox 1168 2413 1418 2457; x_wconf 84' lang='lat' dir='ltr'>Aristotelem,</span> <span class='ocrx_word' id='word_1_262' title='bbox 1436 2411 1673 2452; x_wconf 83' lang='lat' dir='ltr'>Ethic.1.111,</span> 
     </span>
     <span class='ocr_line' id='line_1_35' title="bbox 244 2471 1676 2524; baseline -0.005 -10"><span class='ocrx_word' id='word_1_263' title='bbox 244 2490 319 2524; x_wconf 87' lang='lat' dir='ltr'>cap.</span> <span class='ocrx_word' id='word_1_264' title='bbox 345 2477 427 2512; x_wconf 89' lang='lat' dir='ltr'>VII.</span> <span class='ocrx_word' id='word_1_265' title='bbox 453 2487 553 2510; x_wconf 86' lang='lat' dir='ltr'>num.</span> <span class='ocrx_word' id='word_1_266' title='bbox 587 2486 649 2521; x_wconf 84' lang='lat'>13.,</span> <span class='ocrx_word' id='word_1_267' title='bbox 676 2475 758 2510; x_wconf 88' lang='lat' dir='ltr'>edit.</span> <span class='ocrx_word' id='word_1_268' title='bbox 787 2475 912 2511; x_wconf 88' lang='lat' dir='ltr'>Didot.</span> <span class='ocrx_word' id='word_1_269' title='bbox 932 2495 975 2502; x_wconf 95' lang='lat'>—</span> <span class='ocrx_word' id='word_1_270' title='bbox 998 2475 1138 2510; x_wconf 86' lang='lat' dir='ltr'>Notum</span> <span class='ocrx_word' id='word_1_271' title='bbox 1165 2475 1274 2510; x_wconf 85' lang='lat' dir='ltr'>etiam</span> <span class='ocrx_word' id='word_1_272' title='bbox 1303 2482 1357 2508; x_wconf 88' lang='lat' dir='ltr'>est</span> <span class='ocrx_word' id='word_1_273' title='bbox 1375 2471 1463 2508; x_wconf 87' lang='lat' dir='ltr'>illud</span> <span class='ocrx_word' id='word_1_274' title='bbox 1490 2471 1676 2508; x_wconf 73' lang='lat' dir='ltr'>Martialis³</span> 
     </span>
     <span class='ocr_line' id='line_1_36' title="bbox 243 2531 1672 2576; baseline -0.001 -6"><span class='ocrx_word' id='word_1_275' title='bbox 243 2537 399 2572; x_wconf 85' lang='lat' dir='ltr'>«Rebus</span> <span class='ocrx_word' id='word_1_276' title='bbox 424 2536 458 2570; x_wconf 87' lang='lat' dir='ltr'>in</span> <span class='ocrx_word' id='word_1_277' title='bbox 486 2535 644 2570; x_wconf 84' lang='lat' dir='ltr'>adversis</span> <span class='ocrx_word' id='word_1_278' title='bbox 669 2533 774 2571; x_wconf 79' lang='lat' dir='ltr'>facile</span> <span class='ocrx_word' id='word_1_279' title='bbox 800 2544 852 2570; x_wconf 91' lang='lat' dir='ltr'>est</span> <span class='ocrx_word' id='word_1_280' title='bbox 878 2542 1121 2570; x_wconf 89' lang='lat' dir='ltr'>contemnere</span> <span class='ocrx_word' id='word_1_281' title='bbox 1147 2535 1272 2570; x_wconf 86' lang='lat' dir='ltr'>vitam.</span> <span class='ocrx_word' id='word_1_282' title='bbox 1299 2534 1453 2570; x_wconf 87' lang='lat' dir='ltr'>Fortiter</span> <span class='ocrx_word' id='word_1_283' title='bbox 1479 2531 1541 2568; x_wconf 91' lang='lat' dir='ltr'>ille</span> <span class='ocrx_word' id='word_1_284' title='bbox 1573 2531 1672 2576; x_wconf 85' lang='lat' dir='ltr'>facit,</span> 
     </span>
    </p>
   </div>
   <div class='ocr_carea' id='block_1_5' title="bbox 245 2596 743 2643">
    <p class='ocr_par' dir='ltr' id='par_1_11' title="bbox 245 2596 743 2643">
     <span class='ocr_line' id='line_1_37' title="bbox 245 2596 743 2643; baseline -0.006 -13"><span class='ocrx_word' id='word_1_285' title='bbox 245 2597 307 2643; x_wconf 85' lang='lat' dir='ltr'>qui</span> <span class='ocrx_word' id='word_1_286' title='bbox 334 2596 444 2631; x_wconf 86' lang='lat' dir='ltr'>miser</span> <span class='ocrx_word' id='word_1_287' title='bbox 469 2606 548 2631; x_wconf 90' lang='lat' dir='ltr'>esse</span> <span class='ocrx_word' id='word_1_288' title='bbox 575 2603 709 2642; x_wconf 88' lang='lat' dir='ltr'>potest.</span> <span class='ocrx_word' id='word_1_289' title='bbox 725 2609 743 2627; x_wconf 86' lang='lat'><strong>»</strong></span> 
     </span>
    </p>
   </div>
  </div>
 </body>
</html>
