1737 2802
669 159 727 167 -
762 147 844 191 303
882 159 935 165 -.

81 223 216 279 omne
249 231 469 276 decretum
502 242 543 273 et
574 228 692 288 leges
725 230 861 288 ipsius
884 229 1012 272 etiam
1045 226 1214 271 Adami.
1239 227 1348 270 Peto
1381 227 1416 269 si
1441 226 1514 270 ali-

82 305 182 363 quis
215 303 389 362 propria
423 301 646 358 industria,
669 301 813 345 labore
836 314 876 344 et
899 312 986 344 arte
1009 299 1268 358 depinxisset
1289 297 1514 356 pulchram

83 376 321 433 imaginem
356 386 427 416 aut
459 372 612 417 bellam
637 386 820 416 statuam
844 372 1110 429 sculpsisset,
1134 385 1278 414 nonne
1300 371 1396 428 ipso
1422 370 1515 412 iure

81 460 260 492 naturae
293 447 440 503 imago
473 445 540 488 vel
575 457 711 487 statua
745 444 900 488 fuisset
937 447 978 486 in
1013 443 1210 486 dominio
1247 440 1433 498 artificis,
1467 454 1514 484 ut

81 520 258 562 nonnisi
292 517 407 561 furto
441 530 588 575 posset
622 516 671 560 ab
704 533 756 560 eo
790 517 924 559 invito
959 515 1145 559 auferri?
1180 516 1296 568 Quis
1330 515 1412 558 hoc
1434 530 1513 558 ne-

81 591 185 648 get?
219 591 345 646 Item,
369 590 402 631 si
427 588 578 646 aliquis
605 589 776 646 propria
799 587 1008 631 industria
1041 601 1219 644 gregem
1253 585 1331 628 sibi
1364 585 1511 629 ovium

82 662 151 706 vel
184 661 440 720 gallinarum
476 673 760 718 procreasset,
785 674 927 703 nonne
952 659 1019 701 illa
1041 657 1238 701 animalia
1260 669 1402 701 essent
1424 657 1514 699 iure

81 747 258 778 naturae
292 734 334 776 in
369 734 460 776 eius
495 732 729 776 dominio?
762 733 829 775 An
863 731 1154 774 necessarium
1188 728 1398 787 peculiare
1436 727 1515 771 fuit

83 805 203 849 Adae
236 805 478 857 decretum,
511 817 556 846 ut
589 819 743 861 greges
778 818 1002 860 pecorum,
1025 818 1132 860 quae
1165 800 1271 845 Abel
1304 799 1515 858 pascebat,

80 878 152 920 sui
185 889 342 933 essent,
375 875 440 919 vel
473 888 520 918 ut
554 887 738 931 segetes,
773 890 876 931 quas
913 874 1018 918 Cain
1047 888 1121 915 sua
1157 872 1320 915 cultura
1344 870 1514 927 collige-

87 948 170 1002 bat,
204 961 346 991 essent
379 962 493 990 suae.
532 948 648 1003 Ergo
683 947 825 1003 ipsum
861 946 926 987 ius
974 956 1147 987 naturae
1195 957 1288 986 ante
1335 957 1514 985 omnem

84 1020 226 1078 legem
261 1020 492 1078 positivam
526 1018 760 1061 humanam
795 1016 986 1061 dividere
1019 1028 1184 1074 poterat
1228 1015 1436 1069 dominia,
1473 1026 1513 1061 et

78 1091 135 1135 de
167 1091 278 1134 facto
313 1089 541 1134 dividebat.
578 1089 703 1133 Unde
726 1090 816 1132 sine
850 1088 938 1131 ullo
971 1087 1041 1131 tali
1066 1087 1237 1130 decreto
1271 1087 1514 1144 provinciae

82 1174 125 1205 et
156 1163 247 1220 agri
281 1177 374 1204 esse
408 1162 655 1219 potuissent
690 1161 817 1218 primi
852 1160 1160 1217 occupantis.»
1197 1183 1254 1191 —
1283 1158 1356 1203 Ob
1390 1157 1513 1212 hanc,

80 1233 272 1290 aliasque
310 1234 438 1275 etiam
479 1233 665 1274 rationes
701 1230 965 1282 (cuiusmodi
1000 1242 1078 1285 est,
1124 1229 1292 1272 nullum
1332 1230 1512 1272 omnino

78 1305 287 1361 primaevi
311 1303 422 1346 illius
447 1304 555 1361 pacti
580 1319 657 1346 seu
683 1297 840 1346 decreti
866 1315 1031 1345 exstare
1056 1301 1326 1359 vestigium),
1350 1317 1372 1343 a
1395 1317 1512 1359 prae-

76 1373 190 1418 dicta
212 1375 420 1417 sententia
454 1374 710 1417 recedimus,

198 1445 508 1488 Animadverte
545 1445 620 1501 2⁰.)
655 1444 886 1488 discrimen
921 1445 1181 1495 maximum,
1215 1443 1331 1500 quod
1376 1444 1512 1486 inter-—

81 1515 194 1559 cedit
229 1517 338 1559 inter
370 1517 627 1559 sententiam
662 1516 770 1559 hanc
805 1530 845 1558 et
868 1516 1080 1558 theoriam
1106 1515 1513 1558 communistarum.

81 1586 314 1632 Affirmant
349 1588 680 1643 communistae,
714 1586 855 1643 legem
904 1585 1138 1628 naturalem
1190 1586 1434 1643 praecipere
1466 1597 1512 1627 ut

83 1660 233 1702 omnia
270 1659 575 1716 possideantur
608 1659 915 1710 communiter,
949 1670 1091 1700 vetare
1125 1672 1176 1699 ne
1221 1655 1326 1714 quid
1358 1657 1511 1714 privati

82 1727 263 1772 habeant
295 1729 376 1773 sibi
411 1730 650 1787 proprium:
688 1728 771 1772 hoc
806 1742 948 1772 autem
983 1743 1071 1770 non
1115 1729 1336 1780 asseritur,
1371 1728 1510 1770 immo

81 1811 224 1857 aperte
258 1812 440 1857 negatur
474 1801 516 1842 in
551 1800 643 1852 hac,
672 1800 723 1843 de
748 1816 830 1857 qua
863 1800 997 1843 modo
1022 1799 1262 1857 loquimur,
1288 1800 1511 1842 sententia.

79 1871 197 1914 Cum
232 1883 375 1913 autem
419 1884 585 1913 tantum
639 1871 871 1914 discrimen
922 1872 1104 1927 intersit3
1139 1871 1431 1927 consequitur,
1464 1885 1512 1912 ea

75 1945 240 1998 omnia,
276 1958 384 2001 quae
409 1942 458 1985 de
483 1955 718 2000 systemate
745 1944 1139 1986 communistarum
1164 1942 1369 1999 diximus,
1393 1941 1511 1999 quod

79 2014 241 2058 scilicet
265 2015 318 2057 sit
342 2026 529 2071 systema
553 2028 693 2057 rectae
718 2015 877 2057 rationi
911 2030 956 2057 ac
992 2014 1183 2072 publicae
1207 2015 1341 2072 quieti
1365 2026 1405 2056 et
1430 2015 1510 2072 ipsi

79 2085 293 2129 humanae
326 2086 437 2129 vitae
461 2087 734 2143 prosperitati
759 2086 919 2129 directe
953 2087 1232 2140 contrarium,
1257 2102 1349 2130 non
1383 2102 1511 2144 posse

80 2157 133 2200 de
165 2157 243 2201 hac
275 2160 485 2200 sententia
519 2159 666 2214 repeti,
699 2182 757 2190 --
782 2159 950 2200 Demus
977 2158 1090 2200 iuxta
1124 2159 1358 2200 sententiae
1382 2158 1511 2200 huius

80 2228 230 2286 placita
265 2228 484 2272 decretum
519 2244 594 2272 seu
631 2242 820 2287 pactum,
856 2244 943 2286 quo
977 2230 1107 2286 primi
1153 2228 1210 2271 illi
1257 2229 1456 2272 homines
1491 2245 1512 2272 a

79 2301 265 2358 positiva
287 2299 504 2343 bonorum
530 2302 842 2344 communione
868 2313 1151 2344 recesserunt.
1174 2300 1375 2345 Profecto
1399 2314 1513 2345 stan-

77 2377 183 2414 dum
218 2384 281 2414 est
315 2372 462 2429 pactis:
496 2373 633 2430 iisque
667 2374 910 2431 praecipue,
945 2372 1098 2431 quibus
1138 2386 1358 2431 tamquam
1407 2373 1512 2417 fun-

77 2443 293 2487 damentis
329 2434 527 2487 universa
560 2446 641 2487 iam
677 2446 858 2488 societas
893 2446 1100 2489 innititur:
1126 2446 1193 2503 iis,
1219 2445 1269 2489 ad
1303 2462 1411 2504 quae
1445 2446 1513 2488 in-

77 2516 219 2560 eunda
251 2517 452 2560 homines
486 2516 699 2574 compulit
742 2519 972 2561 necessitas
1022 2516 1213 2576 publicae
1262 2519 1417 2576 quietis
1467 2533 1513 2561 ac

80 2589 388 2646 prosperitatis.
425 2589 542 2632 Haec
575 2589 803 2632 necessitas
844 2604 957 2632 nunc
1006 2588 1226 2648 perdurat,
1258 2591 1398 2632 immo
1447 2601 1512 2632 est
