<?xml version="1.0" encoding="UTF-8"?>
<!DOCTYPE html PUBLIC "-//W3C//DTD XHTML 1.0 Transitional//EN"
    "http://www.w3.org/TR/xhtml1/DTD/xhtml1-transitional.dtd">
<html xmlns="http://www.w3.org/1999/xhtml" xml:lang="en" lang="en">
 <head>
  <title>
</title>
<meta http-equiv="Content-Type" content="text/html;charset=utf-8" />
  <meta name='ocr-system' content='tesseract 3.04.00' />
  <meta name='ocr-capabilities' content='ocr_page ocr_carea ocr_par ocr_line ocrx_word'/>
</head>
<body>
  <div class='ocr_page' id='page_1' title='image "./institutionesphi02ferr_0029.png"; bbox 0 0 1737 2802; ppageno 0'>
   <div class='ocr_carea' id='block_1_1' title="bbox 689 100 925 143">
    <p class='ocr_par' dir='ltr' id='par_1_1' title="bbox 689 100 925 143">
     <span class='ocr_line' id='line_1_1' title="bbox 689 100 925 143; baseline 0 -22"><span class='ocrx_word' id='word_1_1' title='bbox 689 100 925 143; x_wconf 63' lang='lat'>„23-</span> 
     </span>
    </p>
   </div>
   <div class='ocr_carea' id='block_1_2' title="bbox 587 325 1025 373">
    <p class='ocr_par' dir='ltr' id='par_1_2' title="bbox 587 325 1025 373">
     <span class='ocr_line' id='line_1_2' title="bbox 587 325 1025 373; baseline -0.009 -1"><span class='ocrx_word' id='word_1_2' title='bbox 587 326 935 373; x_wconf 88' lang='lat' dir='ltr'><strong>ARTICULUS</strong></span> <span class='ocrx_word' id='word_1_3' title='bbox 969 325 1025 369; x_wconf 89' lang='grc' dir='ltr'>Π.</span> 
     </span>
    </p>
   </div>
   <div class='ocr_carea' id='block_1_3' title="bbox 402 456 1214 649">
    <p class='ocr_par' dir='ltr' id='par_1_3' title="bbox 402 456 1214 649">
     <span class='ocr_line' id='line_1_3' title="bbox 402 456 1214 513; baseline -0.005 -10"><span class='ocrx_word' id='word_1_4' title='bbox 402 460 474 503; x_wconf 87' lang='lat' dir='ltr'>De</span> <span class='ocrx_word' id='word_1_5' title='bbox 506 458 766 513; x_wconf 87' lang='lat' dir='ltr'>multiplici</span> <span class='ocrx_word' id='word_1_6' title='bbox 798 458 921 500; x_wconf 86' lang='lat' dir='ltr'>iuris</span> <span class='ocrx_word' id='word_1_7' title='bbox 952 456 1214 500; x_wconf 89' lang='lat' dir='ltr'>divisione.</span> 
     </span>
     <span class='ocr_line' id='line_1_4' title="bbox 679 604 936 649; baseline -0.008 0"><span class='ocrx_word' id='word_1_8' title='bbox 679 606 845 649; x_wconf 81' lang='lat' dir='ltr'>THESIS</span> <span class='ocrx_word' id='word_1_9' title='bbox 881 604 936 648; x_wconf 91' lang='grc' dir='ltr'>ΙΙ.</span> 
     </span>
    </p>
   </div>
   <div class='ocr_carea' id='block_1_4' title="bbox 97 746 1521 877">
    <p class='ocr_par' dir='ltr' id='par_1_4' title="bbox 97 746 1521 877">
     <span class='ocr_line' id='line_1_5' title="bbox 97 746 1521 805; baseline -0.004 -10"><span class='ocrx_word' id='word_1_10' title='bbox 97 750 322 796; x_wconf 81' lang='lat' dir='ltr'>Secundum</span> <span class='ocrx_word' id='word_1_11' title='bbox 355 751 499 793; x_wconf 82' lang='lat' dir='ltr'>varias</span> <span class='ocrx_word' id='word_1_12' title='bbox 532 750 635 792; x_wconf 76' lang='lat' dir='ltr'>iuris</span> <span class='ocrx_word' id='word_1_13' title='bbox 657 749 899 805; x_wconf 76' lang='lat' dir='ltr'>acceptiones</span> <span class='ocrx_word' id='word_1_14' title='bbox 924 746 1137 804; x_wconf 76' lang='lat' dir='ltr'><em>multiplex</em></span> <span class='ocrx_word' id='word_1_15' title='bbox 1159 747 1395 803; x_wconf 71' lang='lat' dir='ltr'>assignatur</span> <span class='ocrx_word' id='word_1_16' title='bbox 1418 748 1521 790; x_wconf 74' lang='lat' dir='ltr'>eius-</span> 
     </span>
     <span class='ocr_line' id='line_1_6' title="bbox 214 820 748 877; baseline -0.004 -13"><span class='ocrx_word' id='word_1_17' title='bbox 214 821 302 864; x_wconf 84' lang='lat' dir='ltr'>dem</span> <span class='ocrx_word' id='word_1_18' title='bbox 333 821 438 864; x_wconf 80' lang='lat' dir='ltr'>ratio</span> <span class='ocrx_word' id='word_1_19' title='bbox 469 835 537 863; x_wconf 73' lang='lat' dir='ltr'>sen</span> <span class='ocrx_word' id='word_1_20' title='bbox 563 820 748 877; x_wconf 83' lang='lat' dir='ltr'>partitio.</span> 
     </span>
    </p>
   </div>
   <div class='ocr_carea' id='block_1_5' title="bbox 91 911 1523 1608">
    <p class='ocr_par' dir='ltr' id='par_1_5' title="bbox 91 911 1523 1184">
     <span class='ocr_line' id='line_1_7' title="bbox 213 911 1523 971; baseline -0.005 -11"><span class='ocrx_word' id='word_1_21' title='bbox 213 917 252 960; x_wconf 91' lang='lat'>8.</span> <span class='ocrx_word' id='word_1_22' title='bbox 286 917 606 960; x_wconf 82' lang='lat' dir='ltr'>DECLARATIO.</span> <span class='ocrx_word' id='word_1_23' title='bbox 639 913 869 971; x_wconf 86' lang='lat' dir='ltr'>Multiplex</span> <span class='ocrx_word' id='word_1_24' title='bbox 918 924 997 969; x_wconf 88' lang='lat' dir='ltr'>est,</span> <span class='ocrx_word' id='word_1_25' title='bbox 1046 924 1093 955; x_wconf 90' lang='lat' dir='ltr'>ut</span> <span class='ocrx_word' id='word_1_26' title='bbox 1142 912 1364 969; x_wconf 81' lang='lat' dir='ltr'>superiore</span> <span class='ocrx_word' id='word_1_27' title='bbox 1413 911 1523 955; x_wconf 87' lang='lat' dir='ltr'>thesi</span> 
     </span>
     <span class='ocr_line' id='line_1_8' title="bbox 93 984 1522 1045; baseline -0.003 -14"><span class='ocrx_word' id='word_1_28' title='bbox 93 988 299 1045; x_wconf 82' lang='lat' dir='ltr'>diximus,</span> <span class='ocrx_word' id='word_1_29' title='bbox 333 987 520 1044; x_wconf 89' lang='lat' dir='ltr'>acceptio</span> <span class='ocrx_word' id='word_1_30' title='bbox 555 987 690 1029; x_wconf 88' lang='lat' dir='ltr'>iuris:</span> <span class='ocrx_word' id='word_1_31' title='bbox 724 985 950 1043; x_wconf 84' lang='lat' dir='ltr'>praecipue</span> <span class='ocrx_word' id='word_1_32' title='bbox 983 999 1087 1027; x_wconf 79' lang='lat' dir='ltr'>ver-o</span> <span class='ocrx_word' id='word_1_33' title='bbox 1123 984 1312 1027; x_wconf 86' lang='lat' dir='ltr'>sumitur</span> <span class='ocrx_word' id='word_1_34' title='bbox 1344 984 1410 1026; x_wconf 91' lang='lat' dir='ltr'>ius</span> <span class='ocrx_word' id='word_1_35' title='bbox 1444 999 1522 1041; x_wconf 92' lang='lat' dir='ltr'>pro</span> 
     </span>
     <span class='ocr_line' id='line_1_9' title="bbox 93 1054 1523 1117; baseline -0.004 -14"><span class='ocrx_word' id='word_1_36' title='bbox 93 1059 185 1117; x_wconf 82' lang='lat' dir='ltr'>lege,</span> <span class='ocrx_word' id='word_1_37' title='bbox 219 1073 298 1117; x_wconf 91' lang='lat' dir='ltr'>pro</span> <span class='ocrx_word' id='word_1_38' title='bbox 331 1059 451 1112; x_wconf 73' lang='lat' dir='ltr'>insto,</span> <span class='ocrx_word' id='word_1_39' title='bbox 485 1073 563 1115; x_wconf 79' lang='lat' dir='ltr'>pro</span> <span class='ocrx_word' id='word_1_40' title='bbox 590 1065 789 1115; x_wconf 70' lang='lat' dir='ltr'>potestate</span> <span class='ocrx_word' id='word_1_41' title='bbox 816 1055 1011 1113; x_wconf 75' lang='lat' dir='ltr'>legitima.</span> <span class='ocrx_word' id='word_1_42' title='bbox 1037 1056 1175 1098; x_wconf 87' lang='lat' dir='ltr'>Porro</span> <span class='ocrx_word' id='word_1_43' title='bbox 1200 1055 1438 1098; x_wconf 88' lang='lat' dir='ltr'>secundum</span> <span class='ocrx_word' id='word_1_44' title='bbox 1462 1054 1523 1098; x_wconf 89' lang='lat' dir='ltr'>di-</span> 
     </span>
     <span class='ocr_line' id='line_1_10' title="bbox 91 1124 1520 1184; baseline -0.003 -12"><span class='ocrx_word' id='word_1_45' title='bbox 91 1144 239 1172; x_wconf 83' lang='lat' dir='ltr'>versas</span> <span class='ocrx_word' id='word_1_46' title='bbox 263 1128 338 1171; x_wconf 87' lang='lat' dir='ltr'>has</span> <span class='ocrx_word' id='word_1_47' title='bbox 362 1128 465 1171; x_wconf 84' lang='lat' dir='ltr'>iuris</span> <span class='ocrx_word' id='word_1_48' title='bbox 489 1127 778 1184; x_wconf 80' lang='lat' dir='ltr'>acceptiones,</span> <span class='ocrx_word' id='word_1_49' title='bbox 802 1126 915 1169; x_wconf 78' lang='lat' dir='ltr'>varia</span> <span class='ocrx_word' id='word_1_50' title='bbox 939 1140 1111 1183; x_wconf 88' lang='lat' dir='ltr'>quoque</span> <span class='ocrx_word' id='word_1_51' title='bbox 1135 1137 1199 1168; x_wconf 87' lang='lat' dir='ltr'>est</span> <span class='ocrx_word' id='word_1_52' title='bbox 1222 1124 1378 1168; x_wconf 88' lang='lat' dir='ltr'>divisio</span> <span class='ocrx_word' id='word_1_53' title='bbox 1402 1125 1520 1168; x_wconf 89' lang='lat' dir='ltr'>iuris.</span> 
     </span>
    </p>

    <p class='ocr_par' dir='ltr' id='par_1_6' title="bbox 95 1195 1522 1328">
     <span class='ocr_line' id='line_1_11' title="bbox 214 1195 1520 1256; baseline -0.004 -13"><span class='ocrx_word' id='word_1_54' title='bbox 214 1199 248 1244; x_wconf 93' lang='lat' dir='ltr'>I.</span> <span class='ocrx_word' id='word_1_55' title='bbox 281 1199 325 1243; x_wconf 87' lang='lat' dir='ltr'>Si</span> <span class='ocrx_word' id='word_1_56' title='bbox 357 1199 501 1256; x_wconf 87' lang='lat' dir='ltr'>primo</span> <span class='ocrx_word' id='word_1_57' title='bbox 536 1197 669 1241; x_wconf 92' lang='lat' dir='ltr'>modo</span> <span class='ocrx_word' id='word_1_58' title='bbox 702 1199 767 1241; x_wconf 77' lang='lat' dir='ltr'>ins</span> <span class='ocrx_word' id='word_1_59' title='bbox 806 1197 1049 1254; x_wconf 78' lang='lat' dir='ltr'>accipiatur,</span> <span class='ocrx_word' id='word_1_60' title='bbox 1099 1195 1143 1239; x_wconf 91' lang='lat' dir='ltr'>id</span> <span class='ocrx_word' id='word_1_61' title='bbox 1188 1208 1252 1239; x_wconf 87' lang='lat' dir='ltr'>est</span> <span class='ocrx_word' id='word_1_62' title='bbox 1299 1211 1380 1254; x_wconf 92' lang='lat' dir='ltr'>pro</span> <span class='ocrx_word' id='word_1_63' title='bbox 1429 1196 1520 1253; x_wconf 77' lang='lat' dir='ltr'>lege,</span> 
     </span>
     <span class='ocr_line' id='line_1_12' title="bbox 95 1267 1522 1328; baseline -0.002 -15"><span class='ocrx_word' id='word_1_64' title='bbox 95 1283 210 1324; x_wconf 86' lang='lat' dir='ltr'>tunc,</span> <span class='ocrx_word' id='word_1_65' title='bbox 245 1281 292 1312; x_wconf 91' lang='lat' dir='ltr'>ut</span> <span class='ocrx_word' id='word_1_66' title='bbox 324 1281 454 1328; x_wconf 82' lang='lat' dir='ltr'>patet,</span> <span class='ocrx_word' id='word_1_67' title='bbox 489 1268 662 1312; x_wconf 86' lang='lat' dir='ltr'>easdem</span> <span class='ocrx_word' id='word_1_68' title='bbox 696 1283 876 1326; x_wconf 86' lang='lat' dir='ltr'>prorsus</span> <span class='ocrx_word' id='word_1_69' title='bbox 900 1284 946 1311; x_wconf 88' lang='lat' dir='ltr'>ac</span> <span class='ocrx_word' id='word_1_70' title='bbox 969 1267 1034 1311; x_wconf 84' lang='lat' dir='ltr'>lex</span> <span class='ocrx_word' id='word_1_71' title='bbox 1063 1267 1298 1311; x_wconf 79' lang='lat' dir='ltr'>divisiones</span> <span class='ocrx_word' id='word_1_72' title='bbox 1321 1267 1522 1311; x_wconf 83' lang='lat' dir='ltr'>admittit.</span> 
     </span>
    </p>

    <p class='ocr_par' dir='ltr' id='par_1_7' title="bbox 93 1337 1521 1608">
     <span class='ocr_line' id='line_1_13' title="bbox 212 1337 1521 1398; baseline -0.002 -14"><span class='ocrx_word' id='word_1_73' title='bbox 212 1340 360 1398; x_wconf 85' lang='lat' dir='ltr'>Itaque</span> <span class='ocrx_word' id='word_1_74' title='bbox 394 1341 459 1384; x_wconf 87' lang='lat' dir='ltr'>ius</span> <span class='ocrx_word' id='word_1_75' title='bbox 495 1356 546 1383; x_wconf 84' lang='lat' dir='ltr'>eo</span> <span class='ocrx_word' id='word_1_76' title='bbox 581 1338 715 1383; x_wconf 87' lang='lat' dir='ltr'>modo</span> <span class='ocrx_word' id='word_1_77' title='bbox 749 1352 971 1397; x_wconf 86' lang='lat' dir='ltr'>acceptum</span> <span class='ocrx_word' id='word_1_78' title='bbox 1016 1338 1222 1382; x_wconf 82' lang='lat' dir='ltr'>dividitur</span> <span class='ocrx_word' id='word_1_79' title='bbox 1254 1339 1297 1382; x_wconf 84' lang='lat' dir='ltr'>in</span> <span class='ocrx_word' id='word_1_80' title='bbox 1331 1337 1521 1382; x_wconf 75' lang='lat' dir='ltr'>naturale</span> 
     </span>
     <span class='ocr_line' id='line_1_14' title="bbox 94 1409 1518 1469; baseline -0.003 -14"><span class='ocrx_word' id='word_1_81' title='bbox 94 1423 135 1454; x_wconf 90' lang='lat' dir='ltr'>et</span> <span class='ocrx_word' id='word_1_82' title='bbox 161 1412 402 1469; x_wconf 71' lang='lat' dir='ltr'>positivum,</span> <span class='ocrx_word' id='word_1_83' title='bbox 435 1411 672 1468; x_wconf 83' lang='lat' dir='ltr'>positivum</span> <span class='ocrx_word' id='word_1_84' title='bbox 706 1422 849 1453; x_wconf 89' lang='lat' dir='ltr'>autem</span> <span class='ocrx_word' id='word_1_85' title='bbox 883 1410 926 1453; x_wconf 87' lang='lat' dir='ltr'>in</span> <span class='ocrx_word' id='word_1_86' title='bbox 961 1409 1150 1453; x_wconf 71' lang='lat' dir='ltr'>divinum</span> <span class='ocrx_word' id='word_1_87' title='bbox 1197 1422 1237 1452; x_wconf 82' lang='lat' dir='ltr'>et</span> <span class='ocrx_word' id='word_1_88' title='bbox 1275 1410 1518 1462; x_wconf 67' lang='lat' dir='ltr'>humanm,</span> 
     </span>
     <span class='ocr_line' id='line_1_15' title="bbox 93 1479 1516 1538; baseline -0.002 -13"><span class='ocrx_word' id='word_1_89' title='bbox 93 1481 335 1526; x_wconf 86' lang='lat' dir='ltr'>humanum</span> <span class='ocrx_word' id='word_1_90' title='bbox 382 1497 486 1526; x_wconf 89' lang='lat' dir='ltr'>vero</span> <span class='ocrx_word' id='word_1_91' title='bbox 535 1483 578 1526; x_wconf 87' lang='lat' dir='ltr'>in</span> <span class='ocrx_word' id='word_1_92' title='bbox 619 1482 924 1526; x_wconf 72' lang='lat' dir='ltr'>ecclesiasticum</span> <span class='ocrx_word' id='word_1_93' title='bbox 971 1493 1011 1524; x_wconf 90' lang='lat' dir='ltr'>et</span> <span class='ocrx_word' id='word_1_94' title='bbox 1059 1481 1197 1525; x_wconf 72' lang='lat' dir='ltr'>civile.</span> <span class='ocrx_word' id='word_1_95' title='bbox 1246 1482 1312 1524; x_wconf 93' lang='lat' dir='ltr'>De</span> <span class='ocrx_word' id='word_1_96' title='bbox 1360 1479 1516 1538; x_wconf 87' lang='lat' dir='ltr'>quibus</span> 
     </span>
     <span class='ocr_line' id='line_1_16' title="bbox 95 1549 1517 1608; baseline -0.002 -13"><span class='ocrx_word' id='word_1_97' title='bbox 95 1551 298 1596; x_wconf 86' lang='lat' dir='ltr'>omnibus</span> <span class='ocrx_word' id='word_1_98' title='bbox 333 1568 431 1596; x_wconf 89' lang='lat' dir='ltr'>cum</span> <span class='ocrx_word' id='word_1_99' title='bbox 464 1551 558 1596; x_wconf 86' lang='lat' dir='ltr'>fuse</span> <span class='ocrx_word' id='word_1_100' title='bbox 591 1553 675 1595; x_wconf 88' lang='lat' dir='ltr'>iam</span> <span class='ocrx_word' id='word_1_101' title='bbox 720 1552 764 1594; x_wconf 87' lang='lat' dir='ltr'>in</span> <span class='ocrx_word' id='word_1_102' title='bbox 811 1564 991 1594; x_wconf 79' lang='lat' dir='ltr'>tractatu</span> <span class='ocrx_word' id='word_1_103' title='bbox 1041 1550 1091 1594; x_wconf 90' lang='lat' dir='ltr'>de</span> <span class='ocrx_word' id='word_1_104' title='bbox 1138 1550 1302 1608; x_wconf 80' lang='lat' dir='ltr'>iegibus</span> <span class='ocrx_word' id='word_1_105' title='bbox 1351 1549 1517 1593; x_wconf 86' lang='lat' dir='ltr'>dictum</span> 
     </span>
    </p>
   </div>
   <div class='ocr_carea' id='block_1_6' title="bbox 90 1770 1530 2594">
    <p class='ocr_par' dir='ltr' id='par_1_8' title="bbox 90 1770 1530 2594">
     <span class='ocr_line' id='line_1_17' title="bbox 94 1770 1525 1818; baseline -0.002 -11"><span class='ocrx_word' id='word_1_106' title='bbox 94 1782 128 1807; x_wconf 88' lang='lat' dir='ltr'>et</span> <span class='ocrx_word' id='word_1_107' title='bbox 154 1782 309 1818; x_wconf 88' lang='lat' dir='ltr'>aequum</span> <span class='ocrx_word' id='word_1_108' title='bbox 335 1781 400 1814; x_wconf 89' lang='lat' dir='ltr'>est,</span> <span class='ocrx_word' id='word_1_109' title='bbox 414 1781 452 1805; x_wconf 88' lang='lat' dir='ltr'>ut</span> <span class='ocrx_word' id='word_1_110' title='bbox 470 1772 516 1805; x_wconf 73' lang='lat' dir='ltr'>ait</span> <span class='ocrx_word' id='word_1_111' title='bbox 531 1771 662 1805; x_wconf 83' lang='lat' dir='ltr'>Paulus</span> <span class='ocrx_word' id='word_1_112' title='bbox 678 1771 954 1805; x_wconf 75' lang='lat' dir='ltr'>iurisconsultus</span> <span class='ocrx_word' id='word_1_113' title='bbox 973 1772 1008 1805; x_wconf 77' lang='lat' dir='ltr'>in</span> <span class='ocrx_word' id='word_1_114' title='bbox 1024 1771 1065 1806; x_wconf 87' lang='lat' dir='ltr'>L.</span> <span class='ocrx_word' id='word_1_115' title='bbox 1083 1772 1142 1805; x_wconf 91' lang='lat' dir='ltr'>Ius</span> <span class='ocrx_word' id='word_1_116' title='bbox 1161 1771 1195 1806; x_wconf 86' lang='lat' dir='ltr'>ff.</span> <span class='ocrx_word' id='word_1_117' title='bbox 1213 1772 1256 1806; x_wconf 85' lang='lat' dir='ltr'>de</span> <span class='ocrx_word' id='word_1_118' title='bbox 1275 1771 1358 1806; x_wconf 86' lang='lat' dir='ltr'>Iust.</span> <span class='ocrx_word' id='word_1_119' title='bbox 1382 1779 1415 1804; x_wconf 92' lang='lat' dir='ltr'>et</span> <span class='ocrx_word' id='word_1_120' title='bbox 1434 1770 1525 1804; x_wconf 86' lang='lat' dir='ltr'>Iure.</span> 
     </span>
     <span class='ocr_line' id='line_1_18' title="bbox 93 1829 1526 1877; baseline -0.001 -12"><span class='ocrx_word' id='word_1_121' title='bbox 93 1849 137 1857; x_wconf 90' lang='lat'><em>-</em></span> <span class='ocrx_word' id='word_1_122' title='bbox 163 1830 288 1877; x_wconf 84' lang='lat' dir='ltr'>Neque</span> <span class='ocrx_word' id='word_1_123' title='bbox 314 1829 466 1872; x_wconf 73' lang='lat' dir='ltr'>secundo,</span> <span class='ocrx_word' id='word_1_124' title='bbox 485 1839 522 1865; x_wconf 91' lang='lat' dir='ltr'>ut</span> <span class='ocrx_word' id='word_1_125' title='bbox 543 1830 720 1876; x_wconf 80' lang='lat' dir='ltr'>significat</span> <span class='ocrx_word' id='word_1_126' title='bbox 740 1830 910 1877; x_wconf 86' lang='lat' dir='ltr'>quidquid</span> <span class='ocrx_word' id='word_1_127' title='bbox 929 1840 983 1865; x_wconf 87' lang='lat' dir='ltr'>est</span> <span class='ocrx_word' id='word_1_128' title='bbox 999 1830 1071 1877; x_wconf 83' lang='lat' dir='ltr'>legi</span> <span class='ocrx_word' id='word_1_129' title='bbox 1090 1832 1308 1877; x_wconf 87' lang='lat' dir='ltr'>cuicumque</span> <span class='ocrx_word' id='word_1_130' title='bbox 1323 1831 1526 1872; x_wconf 68' lang='lat' dir='ltr'>conforme,</span> 
     </span>
     <span class='ocr_line' id='line_1_19' title="bbox 94 1889 1525 1937; baseline 0 -12"><span class='ocrx_word' id='word_1_131' title='bbox 94 1900 156 1925; x_wconf 88' lang='lat' dir='ltr'>seu</span> <span class='ocrx_word' id='word_1_132' title='bbox 184 1889 355 1937; x_wconf 79' lang='lat' dir='ltr'>quidquid</span> <span class='ocrx_word' id='word_1_133' title='bbox 394 1901 447 1926; x_wconf 85' lang='lat' dir='ltr'>est</span> <span class='ocrx_word' id='word_1_134' title='bbox 484 1890 701 1937; x_wconf 67' lang='lat' dir='ltr'>legitimum,</span> <span class='ocrx_word' id='word_1_135' title='bbox 725 1901 763 1926; x_wconf 86' lang='lat' dir='ltr'>ut</span> <span class='ocrx_word' id='word_1_136' title='bbox 791 1893 838 1926; x_wconf 70' lang='lat' dir='ltr'>ait</span> <span class='ocrx_word' id='word_1_137' title='bbox 877 1891 1137 1937; x_wconf 84' lang='lat' dir='ltr'>Philosophus,</span> <span class='ocrx_word' id='word_1_138' title='bbox 1165 1891 1279 1927; x_wconf 79' lang='lat' dir='ltr'>Ethic.</span> <span class='ocrx_word' id='word_1_139' title='bbox 1307 1892 1349 1926; x_wconf 91' lang='lat' dir='ltr'>V.</span> <span class='ocrx_word' id='word_1_140' title='bbox 1384 1902 1409 1926; x_wconf 90' lang='lat'>1.</span> <span class='ocrx_word' id='word_1_141' title='bbox 1439 1891 1525 1936; x_wconf 79' lang='lat' dir='ltr'>Quo</span> 
     </span>
     <span class='ocr_line' id='line_1_20' title="bbox 95 1949 1527 1998; baseline -0.001 -13"><span class='ocrx_word' id='word_1_142' title='bbox 95 1959 201 1996; x_wconf 87' lang='lat' dir='ltr'>pacto</span> <span class='ocrx_word' id='word_1_143' title='bbox 229 1950 316 1985; x_wconf 84' lang='lat' dir='ltr'>dixit</span> <span class='ocrx_word' id='word_1_144' title='bbox 343 1951 512 1993; x_wconf 86' lang='lat' dir='ltr'>Isidorus,</span> <span class='ocrx_word' id='word_1_145' title='bbox 540 1951 561 1985; x_wconf 94' lang='lat' dir='ltr'>l.</span> <span class='ocrx_word' id='word_1_146' title='bbox 588 1951 633 1986; x_wconf 89' lang='lat' dir='ltr'>V.</span> <span class='ocrx_word' id='word_1_147' title='bbox 661 1951 821 1998; x_wconf 82' lang='lat' dir='ltr'>Etymol.</span> <span class='ocrx_word' id='word_1_148' title='bbox 849 1962 927 1997; x_wconf 87' lang='lat' dir='ltr'>cap.</span> <span class='ocrx_word' id='word_1_149' title='bbox 957 1962 999 1996; x_wconf 86' lang='lat'>3.‚</span> <span class='ocrx_word' id='word_1_150' title='bbox 1018 1952 1122 1997; x_wconf 81' lang='lat' dir='ltr'>legem</span> <span class='ocrx_word' id='word_1_151' title='bbox 1155 1963 1219 1986; x_wconf 75' lang='lat' dir='ltr'>esse</span> <span class='ocrx_word' id='word_1_152' title='bbox 1237 1949 1426 1997; x_wconf 71' lang='lat' dir='ltr'>quamdam</span> <span class='ocrx_word' id='word_1_153' title='bbox 1456 1958 1527 1997; x_wconf 71' lang='lat' dir='ltr'>spe-</span> 
     </span>
     <span class='ocr_line' id='line_1_21' title="bbox 95 2009 1522 2056; baseline 0 -12"><span class='ocrx_word' id='word_1_154' title='bbox 95 2010 180 2044; x_wconf 79' lang='lat' dir='ltr'>ciem</span> <span class='ocrx_word' id='word_1_155' title='bbox 206 2009 258 2056; x_wconf 77' lang='lat' dir='ltr'>(id</span> <span class='ocrx_word' id='word_1_156' title='bbox 285 2018 338 2045; x_wconf 87' lang='lat' dir='ltr'>est</span> <span class='ocrx_word' id='word_1_157' title='bbox 363 2022 533 2045; x_wconf 86' lang='lat' dir='ltr'>normam</span> <span class='ocrx_word' id='word_1_158' title='bbox 560 2012 633 2045; x_wconf 71' lang='lat' dir='ltr'>sive</span> <span class='ocrx_word' id='word_1_159' title='bbox 661 2011 796 2056; x_wconf 81' lang='lat' dir='ltr'>ideam)</span> <span class='ocrx_word' id='word_1_160' title='bbox 824 2012 921 2054; x_wconf 76' lang='lat' dir='ltr'>iuris,</span> <span class='ocrx_word' id='word_1_161' title='bbox 949 2012 1045 2046; x_wconf 77' lang='lat' dir='ltr'>iuxta</span> <span class='ocrx_word' id='word_1_162' title='bbox 1064 2012 1265 2046; x_wconf 71' lang='lat' dir='ltr'>doctrinam</span> <span class='ocrx_word' id='word_1_163' title='bbox 1286 2010 1318 2045; x_wconf 91' lang='lat' dir='ltr'>d.</span> <span class='ocrx_word' id='word_1_164' title='bbox 1337 2010 1522 2053; x_wconf 84' lang='lat' dir='ltr'>Thomae,</span> 
     </span>
     <span class='ocr_line' id='line_1_22' title="bbox 95 2069 1524 2118; baseline 0 -14"><span class='ocrx_word' id='word_1_165' title='bbox 95 2078 125 2104; x_wconf 88' lang='lat'>2.</span> <span class='ocrx_word' id='word_1_166' title='bbox 153 2079 185 2104; x_wconf 89' lang='lat'>2.</span> <span class='ocrx_word' id='word_1_167' title='bbox 212 2081 245 2116; x_wconf 88' lang='lat' dir='ltr'>q.</span> <span class='ocrx_word' id='word_1_168' title='bbox 274 2080 328 2114; x_wconf 85' lang='lat'>57.</span> <span class='ocrx_word' id='word_1_169' title='bbox 357 2082 389 2105; x_wconf 90' lang='lat' dir='ltr'>a.</span> <span class='ocrx_word' id='word_1_170' title='bbox 412 2070 500 2105; x_wconf 84' lang='lat' dir='ltr'>1.-ad</span> <span class='ocrx_word' id='word_1_171' title='bbox 527 2077 583 2105; x_wconf 83' lang='lat'>2.¹¹²</span> <span class='ocrx_word' id='word_1_172' title='bbox 608 2090 652 2097; x_wconf 91' lang='lat'>—-</span> <span class='ocrx_word' id='word_1_173' title='bbox 679 2072 805 2118; x_wconf 88' lang='lat' dir='ltr'>Neque</span> <span class='ocrx_word' id='word_1_174' title='bbox 833 2074 945 2114; x_wconf 75' lang='lat' dir='ltr'>tertio,</span> <span class='ocrx_word' id='word_1_175' title='bbox 974 2071 1218 2118; x_wconf 70' lang='lat' dir='ltr'>tit-significat</span> <span class='ocrx_word' id='word_1_176' title='bbox 1244 2070 1444 2117; x_wconf 82' lang='lat' dir='ltr'>legitimam</span> <span class='ocrx_word' id='word_1_177' title='bbox 1473 2069 1524 2104; x_wconf 80' lang='lat' dir='ltr'>fa-</span> 
     </span>
     <span class='ocr_line' id='line_1_23' title="bbox 96 2129 1527 2177; baseline 0 -14"><span class='ocrx_word' id='word_1_178' title='bbox 96 2129 267 2164; x_wconf 88' lang='lat' dir='ltr'>cultatem</span> <span class='ocrx_word' id='word_1_179' title='bbox 295 2140 358 2164; x_wconf 92' lang='lat' dir='ltr'>seu</span> <span class='ocrx_word' id='word_1_180' title='bbox 385 2139 605 2176; x_wconf 87' lang='lat' dir='ltr'>potestatem</span> <span class='ocrx_word' id='word_1_181' title='bbox 633 2129 799 2172; x_wconf 63' lang='lat' dir='ltr'>faciendi,</span> <span class='ocrx_word' id='word_1_182' title='bbox 826 2140 886 2166; x_wconf 86' lang='lat' dir='ltr'>aut</span> <span class='ocrx_word' id='word_1_183' title='bbox 905 2131 1122 2177; x_wconf 67' lang='lat' dir='ltr'>acquirendi,</span> <span class='ocrx_word' id='word_1_184' title='bbox 1144 2139 1204 2165; x_wconf 87' lang='lat' dir='ltr'>aut</span> <span class='ocrx_word' id='word_1_185' title='bbox 1224 2129 1447 2177; x_wconf 71' lang='lat' dir='ltr'>possidendi,</span> <span class='ocrx_word' id='word_1_186' title='bbox 1467 2138 1527 2164; x_wconf 84' lang='lat' dir='ltr'>aut</span> 
     </span>
     <span class='ocr_line' id='line_1_24' title="bbox 93 2187 1528 2236; baseline 0.001 -15"><span class='ocrx_word' id='word_1_187' title='bbox 93 2187 274 2223; x_wconf 73' lang='lat' dir='ltr'>alienandi</span> <span class='ocrx_word' id='word_1_188' title='bbox 302 2189 495 2235; x_wconf 81' lang='lat' dir='ltr'>quippiam,</span> <span class='ocrx_word' id='word_1_189' title='bbox 514 2190 702 2235; x_wconf 89' lang='lat' dir='ltr'>quomodo</span> <span class='ocrx_word' id='word_1_190' title='bbox 730 2190 923 2236; x_wconf 61' lang='lat' dir='ltr'>iursssperiti</span> <span class='ocrx_word' id='word_1_191' title='bbox 949 2191 1174 2236; x_wconf 74' lang='lat' dir='ltr'>distinguunt</span> <span class='ocrx_word' id='word_1_192' title='bbox 1194 2191 1285 2224; x_wconf 87' lang='lat' dir='ltr'>inter</span> <span class='ocrx_word' id='word_1_193' title='bbox 1303 2191 1356 2224; x_wconf 87' lang='lat' dir='ltr'>ius</span> <span class='ocrx_word' id='word_1_194' title='bbox 1375 2189 1418 2224; x_wconf 88' lang='lat' dir='ltr'>ad</span> <span class='ocrx_word' id='word_1_195' title='bbox 1438 2201 1528 2233; x_wconf 88' lang='lat' dir='ltr'>rem,</span> 
     </span>
     <span class='ocr_line' id='line_1_25' title="bbox 92 2248 1523 2296; baseline 0.001 -15"><span class='ocrx_word' id='word_1_196' title='bbox 92 2257 183 2293; x_wconf 87' lang='lat' dir='ltr'>quae</span> <span class='ocrx_word' id='word_1_197' title='bbox 211 2248 317 2282; x_wconf 73' lang='lat' dir='ltr'>alicui</span> <span class='ocrx_word' id='word_1_198' title='bbox 344 2248 502 2292; x_wconf 88' lang='lat' dir='ltr'>debetur,</span> <span class='ocrx_word' id='word_1_199' title='bbox 532 2259 565 2284; x_wconf 87' lang='lat' dir='ltr'>et</span> <span class='ocrx_word' id='word_1_200' title='bbox 593 2250 647 2284; x_wconf 80' lang='lat' dir='ltr'>ius</span> <span class='ocrx_word' id='word_1_201' title='bbox 674 2251 709 2284; x_wconf 87' lang='lat' dir='ltr'>in</span> <span class='ocrx_word' id='word_1_202' title='bbox 737 2261 785 2292; x_wconf 86' lang='lat' dir='ltr'>re,</span> <span class='ocrx_word' id='word_1_203' title='bbox 813 2262 922 2296; x_wconf 86' lang='lat' dir='ltr'>quam</span> <span class='ocrx_word' id='word_1_204' title='bbox 949 2251 1166 2296; x_wconf 46' lang='lat' dir='ltr'>etiamffluis</span> <span class='ocrx_word' id='word_1_205' title='bbox 1193 2249 1366 2296; x_wconf 78' lang='lat' dir='ltr'>possidet.</span> <span class='ocrx_word' id='word_1_206' title='bbox 1394 2249 1523 2283; x_wconf 83' lang='lat' dir='ltr'>—Ne-</span> 
     </span>
     <span class='ocr_line' id='line_1_26' title="bbox 93 2308 1527 2367; baseline 0.001 -27"><span class='ocrx_word' id='word_1_207' title='bbox 93 2316 161 2352; x_wconf 88' lang='lat' dir='ltr'>que</span> <span class='ocrx_word' id='word_1_208' title='bbox 189 2312 320 2352; x_wconf 84' lang='lat' dir='ltr'>quarto,</span> <span class='ocrx_word' id='word_1_209' title='bbox 346 2317 384 2342; x_wconf 91' lang='lat' dir='ltr'>ut</span> <span class='ocrx_word' id='word_1_210' title='bbox 412 2309 465 2342; x_wconf 86' lang='lat' dir='ltr'>ius</span> <span class='ocrx_word' id='word_1_211' title='bbox 491 2308 669 2355; x_wconf 73' lang='lat' dir='ltr'>sgnificat</span> <span class='ocrx_word' id='word_1_212' title='bbox 697 2310 915 2344; x_wconf 73' lang='lat' dir='ltr'>sententiam</span> <span class='ocrx_word' id='word_1_213' title='bbox 954 2311 1072 2356; x_wconf 82' lang='lat' dir='ltr'>ipsam</span> <span class='ocrx_word' id='word_1_214' title='bbox 1116 2309 1243 2367; x_wconf 60' lang='lat' dir='ltr'>iudicis</span> <span class='ocrx_word' id='word_1_215' title='bbox 1275 2317 1353 2343; x_wconf 88' lang='lat' dir='ltr'>tum</span> <span class='ocrx_word' id='word_1_216' title='bbox 1396 2309 1527 2342; x_wconf 84' lang='lat' dir='ltr'>iustam</span> 
     </span>
     <span class='ocr_line' id='line_1_27' title="bbox 94 2366 1528 2415; baseline 0.001 -16"><span class='ocrx_word' id='word_1_217' title='bbox 94 2374 172 2400; x_wconf 89' lang='lat' dir='ltr'>tum</span> <span class='ocrx_word' id='word_1_218' title='bbox 200 2366 308 2401; x_wconf 87' lang='lat' dir='ltr'>etiam</span> <span class='ocrx_word' id='word_1_219' title='bbox 335 2368 516 2407; x_wconf 79' lang='lat' dir='ltr'>iniustam,</span> <span class='ocrx_word' id='word_1_220' title='bbox 543 2368 719 2403; x_wconf 69' lang='lat' dir='ltr'>relatione</span> <span class='ocrx_word' id='word_1_221' title='bbox 746 2368 840 2404; x_wconf 83' lang='lat' dir='ltr'>facta</span> <span class='ocrx_word' id='word_1_222' title='bbox 867 2369 910 2403; x_wconf 82' lang='lat' dir='ltr'>ad</span> <span class='ocrx_word' id='word_1_223' title='bbox 937 2370 984 2411; x_wconf 80' lang='lat' dir='ltr'>id,</span> <span class='ocrx_word' id='word_1_224' title='bbox 1011 2369 1108 2415; x_wconf 86' lang='lat' dir='ltr'>quod</span> <span class='ocrx_word' id='word_1_225' title='bbox 1135 2381 1219 2404; x_wconf 88' lang='lat' dir='ltr'>eum</span> <span class='ocrx_word' id='word_1_226' title='bbox 1246 2369 1403 2402; x_wconf 79' lang='lat' dir='ltr'>iudicare</span> <span class='ocrx_word' id='word_1_227' title='bbox 1441 2379 1528 2402; x_wconf 85' lang='lat' dir='ltr'>con-</span> 
     </span>
     <span class='ocr_line' id='line_1_28' title="bbox 93 2426 1527 2475; baseline 0.002 -17"><span class='ocrx_word' id='word_1_228' title='bbox 93 2426 205 2467; x_wconf 88' lang='lat' dir='ltr'>venit,</span> <span class='ocrx_word' id='word_1_229' title='bbox 231 2435 269 2460; x_wconf 89' lang='lat' dir='ltr'>ut</span> <span class='ocrx_word' id='word_1_230' title='bbox 295 2427 343 2460; x_wconf 71' lang='lat' dir='ltr'>ait</span> <span class='ocrx_word' id='word_1_231' title='bbox 369 2426 502 2461; x_wconf 87' lang='lat' dir='ltr'>Paulus</span> <span class='ocrx_word' id='word_1_232' title='bbox 529 2428 804 2464; x_wconf 80' lang='lat' dir='ltr'>iurisconsultus</span> <span class='ocrx_word' id='word_1_233' title='bbox 830 2430 866 2463; x_wconf 77' lang='lat' dir='ltr'>in</span> <span class='ocrx_word' id='word_1_234' title='bbox 895 2429 989 2463; x_wconf 71' lang='lat' dir='ltr'>dicta</span> <span class='ocrx_word' id='word_1_235' title='bbox 1016 2429 1056 2464; x_wconf 90' lang='lat' dir='ltr'>L.</span> <span class='ocrx_word' id='word_1_236' title='bbox 1084 2429 1156 2463; x_wconf 89' lang='lat' dir='ltr'>Ius.</span> <span class='ocrx_word' id='word_1_237' title='bbox 1178 2448 1221 2454; x_wconf 94' lang='lat'>—</span> <span class='ocrx_word' id='word_1_238' title='bbox 1248 2430 1374 2475; x_wconf 89' lang='lat' dir='ltr'>Neque</span> <span class='ocrx_word' id='word_1_239' title='bbox 1401 2428 1527 2473; x_wconf 76' lang='lat' dir='ltr'>quinto,</span> 
     </span>
     <span class='ocr_line' id='line_1_29' title="bbox 92 2483 1527 2534; baseline 0.003 -17"><span class='ocrx_word' id='word_1_240' title='bbox 92 2494 157 2529; x_wconf 89' lang='lat' dir='ltr'>pro</span> <span class='ocrx_word' id='word_1_241' title='bbox 184 2483 280 2528; x_wconf 89' lang='lat' dir='ltr'>loco,</span> <span class='ocrx_word' id='word_1_242' title='bbox 307 2485 367 2519; x_wconf 87' lang='lat' dir='ltr'>ubi</span> <span class='ocrx_word' id='word_1_243' title='bbox 393 2487 570 2521; x_wconf 78' lang='lat' dir='ltr'>sententia</span> <span class='ocrx_word' id='word_1_244' title='bbox 597 2487 735 2529; x_wconf 77' lang='lat' dir='ltr'>dicitur,</span> <span class='ocrx_word' id='word_1_245' title='bbox 764 2498 801 2522; x_wconf 90' lang='lat' dir='ltr'>ut</span> <span class='ocrx_word' id='word_1_246' title='bbox 829 2489 877 2523; x_wconf 77' lang='lat' dir='ltr'>ait</span> <span class='ocrx_word' id='word_1_247' title='bbox 903 2488 1012 2523; x_wconf 79' lang='lat' dir='ltr'>idem.</span> <span class='ocrx_word' id='word_1_248' title='bbox 1039 2508 1083 2514; x_wconf 97' lang='lat'><strong>—</strong></span> <span class='ocrx_word' id='word_1_249' title='bbox 1110 2488 1236 2534; x_wconf 89' lang='lat' dir='ltr'>Neque</span> <span class='ocrx_word' id='word_1_250' title='bbox 1272 2494 1382 2529; x_wconf 61' lang='lat' dir='ltr'>sexto,</span> <span class='ocrx_word' id='word_1_251' title='bbox 1412 2496 1448 2521; x_wconf 89' lang='lat' dir='ltr'>ut</span> <span class='ocrx_word' id='word_1_252' title='bbox 1475 2487 1527 2521; x_wconf 84' lang='lat' dir='ltr'>si-</span> 
     </span>
     <span class='ocr_line' id='line_1_30' title="bbox 90 2541 1530 2594; baseline 0.003 -18"><span class='ocrx_word' id='word_1_253' title='bbox 90 2541 239 2587; x_wconf 77' lang='lat' dir='ltr'>gnificat</span> <span class='ocrx_word' id='word_1_254' title='bbox 265 2545 519 2579; x_wconf 58' lang='lat' dir='ltr'>necessitatem</span> <span class='ocrx_word' id='word_1_255' title='bbox 547 2545 718 2592; x_wconf 70' lang='lat' dir='ltr'>al?quam‚</span> <span class='ocrx_word' id='word_1_256' title='bbox 750 2556 787 2581; x_wconf 89' lang='lat' dir='ltr'>ut</span> <span class='ocrx_word' id='word_1_257' title='bbox 814 2548 1046 2594; x_wconf 75' lang='lat' dir='ltr'>cognationis</span> <span class='ocrx_word' id='word_1_258' title='bbox 1072 2548 1133 2582; x_wconf 87' lang='lat' dir='ltr'>vel</span> <span class='ocrx_word' id='word_1_259' title='bbox 1160 2547 1354 2589; x_wconf 56' lang='lat' dir='ltr'>affinitatsss,</span> <span class='ocrx_word' id='word_1_260' title='bbox 1374 2547 1462 2582; x_wconf 77' lang='lat' dir='ltr'>sicut</span> <span class='ocrx_word' id='word_1_261' title='bbox 1481 2547 1530 2581; x_wconf 64' lang='lat' dir='ltr'>ait</span> 
     </span>
    </p>
   </div>
  </div>
 </body>
</html>
