1737 2802
89 213 203 266 fidei,
237 212 318 256 fixa
351 213 618 271 certitudine,
651 215 785 272 ipsam
829 215 1052 258 veritatem
1095 213 1147 258 de
1190 215 1313 258 rebus
1362 215 1516 259 divinis

28 323 33 327 .
91 285 340 329 hominibus
377 285 575 329 exhiberi.
606 305 627 326 »

210 358 370 402 Tribus
398 358 514 401 hisce
538 358 768 416 propositis
793 359 1075 416 argumentis,
1099 359 1156 401 ita
1178 375 1209 403 s,
1233 358 1433 402 Thomas
1459 359 1518 416 (Ι)

62 429 318 474 concludit:
359 429 628 473 «Salubriter
661 446 765 487 ergo
799 430 952 473 divina'
979 429 1167 488 providit
1203 429 1445 483 clementia,
1471 442 1517 472 ut

88 517 135 544 ea
156 501 422 559 etiam‚quae
455 502 563 544 ratio
589 502 845 558 investigare
878 514 1039 559 potest,
1062 500 1145 545 fide
1179 501 1362 544 tenenda
1397 517 1513 558 prae-

89 573 258 631 cipeiet3
293 585 338 616 ut
370 574 430 616 sic
452 588 585 616 omues
617 574 662 616 de
685 574 809 632 facili
832 586 1018 630 possent
1052 573 1221 616 divinae
1255 574 1518 630 cognitionis

89 645 314 702 participes
347 637 440 688 esse
467 657 507 687 et
539 644 683 703 absque
705 644 970 687 dubitatione>
994 653 1028 687 et
1061 660 1205 689 errore.
1227 662 1248 686 υ
1275 671 1326 676 -—
1353 644 1517 688 Similia

91 713 300 758 habentur
332 716 374 758 in
409 716 528 760 Actis
562 714 748 759 Concilii
794 715 986 758 Vaticani
1020 714 1105 772 (2):
1150 717 1308 758 «Huic
1352 715 1517 759 divinae

86 785 332 829 revelationi
366 786 640 829 tribuendum
674 786 848 844 quidem
884 798 965 838 est,
1001 799 1045 828 ut
1083 802 1143 842 ea,
1167 802 1289 843 quae,
1315 787 1354 829 in
1391 786 1517 829 rebus

87 856 256 911 divinis,
290 857 500 901 hnmanae
549 859 704 901 rationi
752 873 826 916 per
858 874 902 900 se
949 858 1163 915 impervia
1197 873 1282 900 non
1327 871 1440 914 sunt,
1475 859 1516 900 in

86 931 297 988 praesenti
330 947 503 989 quoque
535 931 704 987 generis
740 930 919 973 humani
953 930 1208 973 conditione
1242 929 1295 972 ab
1329 929 1516 973 omnibus

85 1002 264 1060 expedite
289 1003 418 1061 firma
452 1002 688 1047 certitudine
713 1011 748 1045 et
781 1002 893 1045 nullo
925 1002 1120 1046 admixto
1153 1017 1286 1045 errore
1311 1002 1517 1058 cognosci

87 1075 267 1132 possint.
293 1092 314 1116 υ

202 1161 272 1203 49.
307 1147 557 1191 Senotioa.
591 1147 621 1189 Ι.
657 1147 798 1189 Dices:
834 1158 944 1201 esto,
979 1145 1180 1203 singulos
1205 1145 1403 1188 homines
1427 1160 1515 1187 non

86 1234 213 1276 posse
260 1218 333 1261 has
382 1217 605 1261 rationales
653 1218 856 1261 veritates
908 1217 1128 1275 detegere.
1177 1219 1234 1260 At
1281 1232 1426 1259 nonne
1473 1217 1516 1258 in

87 1302 291 1348 promptu
324 1303 387 1333 est
419 1290 718 1347 magisterium
742 1290 984 1347 sapientum
1015 1305 1095 1332 seu
1121 1287 1515 1346 philosophorum?

85 1363 167 1406 Per
198 1361 354 1405 horum
382 1361 540 1405 scilicet
573 1362 892 1405 institutionem
917 1373 1103 1418 possunt
1135 1374 1284 1414 omues,
1308 1359 1354 1402 de
1378 1359 1515 1417 facili,

85 1434 232 1492 absque
263 1433 513 1477 dubitatione
538 1443 574 1477 et
596 1448 728 1477 errore
750 1434 793 1476 in
818 1434 1117 1490 cognitionem
1153 1437 1305 1475 harum
1331 1432 1513 1474 rationa-

85 1505 191 1549 lium
224 1505 453 1549 veritatum
486 1505 699 1549 devenire.
734 1531 791 1538 —
825 1506 926 1548 Duo
961 1504 1266 1548 animadverte.

207 1576 258 1636 α)
292 1578 403 1634 Hoc,
436 1576 554 1635 quod
586 1576 798 1633 obiicitur,
824 1578 857 1619 si
885 1592 1036 1620 verum
1064 1588 1191 1630 esset,
1225 1591 1317 1619 non
1352 1575 1395 1619 id
1418 1590 1516 1617 sane

86 1646 415 1701 demonstraret,
450 1647 568 1706 quod
590 1647 701 1691 foret
725 1660 873 1691 contra
895 1647 1003 1691 lianc
1026 1646 1187 1690 thesim
1211 1645 1513 1704 probandum,

86 1734 243 1778 nempe
276 1719 463 1764 divinam
497 1719 549 1763 de
580 1719 831 1777 veritatibus
881 1718 1159 1762 rationalibus
1206 1718 1516 1762 revelationem

86 1806 175 1835 non
207 1807 299 1835 esse
332 1791 490 1844 utilem,·
525 1791 598 1835 sed
635 1791 716 1834 hoc
750 1807 885 1834 unum
914 1790 1118 1844 efficeret,
1156 1790 1366 1832 nimirum
1401 1805 1518 1832 reve-

86 1861 290 1906 lationem
325 1863 476 1906 harum
510 1864 734 1906 veritatum
775 1877 863 1906 non
896 1878 990 1905 esse
1023 1863 1308 1906 necessariam.

204 1933 261 1994 β)
294 1934 376 1978 Sed
411 1950 463 1977 ne
497 1934 580 1977 lioc
612 1933 787 1992 quidem
823 1933 906 1977 dici
946 1945 1102 1992 potest.
1139 1932 1188 1976 Id
1229 1933 1365 1985 enim,
1400 1931 1519 1989 quod

88 2005 298 2060 obiicitur,
331 2007 464 2064 gratis
499 2008 678 2050 omnino
711 2005 959 2059 affirmatur,
995 2018 1035 2048 et
1084 2017 1150 2048 est
1198 2004 1392 2062 apprime
1436 2002 1516 2046 fal-

89 2093 198 2122 sum.
233 2079 403 2122 Etenim
427 2077 585 2136 absque
609 2076 749 2121 divina
772 2077 1037 2121 revelatione
1073 2092 1172 2120 cum
1206 2075 1301 2119 solo
1326 2074 1518 2134 philoso-

87 2148 274 2207 phorum
308 2151 557 2208 magisterio
596 2175 656 2182 -—
687 2165 776 2192 non
823 2164 957 2193 omnes
990 2173 1047 2182 —
1081 2163 1169 2191 non
1217 2147 1263 2190 de
1304 2146 1427 2205 facili
1460 2171 1517 2180 —

87 2236 175 2265 non
207 2221 354 2280 absque
387 2222 633 2274 dubitatione
669 2230 705 2264 et
738 2236 868 2265 errore
902 2220 1142 2279 praedictas
1194 2219 1393 2262 veritates
1444 2233 1521 2261 co-

88 2306 359 2350 gnoscerent.

183 2461 238 2506 (1)
268 2461 404 2496 Eadem
432 2472 458 2496 s.
487 2460 650 2496 Thomas
676 2459 781 2495 docet
809 2459 886 2494 aliis
913 2459 1019 2502 locis,
1052 2469 1076 2493 1.
1098 2471 1131 2506 p.
1159 2471 1189 2505 q.
1215 2470 1243 2494 1.
1262 2471 1292 2493 a.
1318 2469 1355 2499 1.,
1384 2466 1518 2504 quaest.

90 2519 180 2567 disp.
206 2521 251 2555 de
277 2521 378 2556 verit.
407 2532 438 2566 q.
471 2530 523 2562 14.
550 2531 581 2555 a.
613 2530 665 2555 10.

185 2581 242 2625 (2)
269 2581 362 2616 Sess.
389 2580 451 2615 111.
481 2591 557 2626 cap.
587 2579 631 2615 II.

1397 2657 1433 2692 ¹3
