1737 2802
793 121 1059 163 „204-

754 346 920 389 Tnsssls
957 346 1099 389 XVII.

210 478 420 523 Revelatio
457 478 542 534 illa,
575 493 674 535 quae
708 476 884 519 mediata
917 476 1081 530 dicitur,
1117 491 1214 520 suas
1236 478 1359 520 etiam
1380 472 1515 530 habet,
1549 489 1633 518 cas-

331 565 404 607 que
438 548 694 607 multiplices,
725 549 1022 605 congruentias.

335 695 400 737 52.
436 682 821 724 &mmmm-10.
857 681 923 723 De
950 680 1218 738 possibilitate
1245 678 1512 723 revelationis
1547 694 1635 722 me-

210 752 345 796 diatae
380 754 461 795 iam
497 752 707 796 diximus:
756 752 1027 796 ostendimus
1075 765 1235 804 autem,
1281 751 1331 795 ad
1371 750 1635 795 credendum

210 824 330 867 nullo
365 838 487 883 pacto
512 841 604 868 esse
628 826 934 881 necessarium,
958 837 1003 867 ut
1027 822 1125 867 fidei
1153 824 1370 868 obiectum
1395 839 1469 881 per
1491 824 1635 881 ipsum

211 898 355 940 Deum
391 897 637 940 immediate
671 896 873 940 omnibus
898 910 938 940 et
962 896 1142 953 singulis
1168 909 1446 955 proponatur.
1483 895 1635 949 Quae-

211 970 347 1011 rimus
381 984 493 1012 nunc
542 969 592 1012 de
629 970 909 1012 convenientia
957 968 1228 1012 revelationis
1277 968 1508 1011 mediatae:
1551 979 1636 1010 tres

209 1053 354 1084 autem
391 1042 711 1097 congruentias,
747 1057 854 1099 quae
882 1042 1133 1098 praecipuae
1157 1053 1271 1097 sunt,
1295 1041 1577 1097 assignamus.

332 1113 476 1155 Prima
511 1114 791 1169 congruentia
823 1125 885 1156 est
920 1112 1043 1157 haec:
1079 1114 1177 1170 quia
1223 1127 1298 1170 per
1330 1110 1636 1155 revelationem

210 1185 440 1228 mediatam
476 1188 613 1228 maior
648 1185 854 1244 perfectio
879 1202 898 1228 a
927 1187 1022 1229 Deo
1047 1185 1308 1242 gubernante
1332 1183 1456 1227 rebus
1482 1181 1636 1242 guber-

207 1258 318 1299 natis
355 1258 715 1300 communicatur.
748 1283 806 1289 —
846 1258 1054 1313 «Tanto,
1086 1257 1223 1315 inquit
1256 1272 1288 1300 s.
1324 1255 1524 1300 Thomas
1547 1253 1635 1319 (Ι),

210 1329 288 1371 erit
324 1327 478 1371 melior
508 1328 778 1386 gubernatio,
811 1342 971 1387 quanto
1006 1330 1143 1372 maior
1186 1328 1390 1386 perfectio
1423 1343 1445 1370 a
1477 1325 1637 1384 guber-

206 1413 335 1443 nante
369 1399 492 1444 rebus
527 1400 771 1457 gubernatis
810 1402 1168 1444 communicatur.
1192 1401 1332 1443 Maior
1373 1412 1516 1443 autem
1541 1413 1634 1456 per-

209 1470 336 1514 fectio
371 1484 447 1525 est,
482 1471 600 1530 quod
635 1471 793 1530 aliquid
828 1473 869 1515 in
900 1488 943 1515 se
968 1473 1021 1515 sit
1043 1472 1207 1515 bonum
1242 1484 1282 1515 et
1305 1472 1432 1515 etiam
1467 1471 1519 1513 sit
1543 1469 1634 1513 aliis

209 1558 335 1585 causa
367 1542 582 1597 bonitatis,
616 1559 745 1601 quam
779 1544 813 1586 si
848 1556 959 1587 esset
991 1543 1274 1587 solummodo
1308 1543 1349 1585 in
1378 1558 1423 1586 se
1455 1541 1635 1585 bonum.

207 1615 259 1657 Et
293 1614 389 1657 ideo
421 1616 481 1658 sic
516 1616 635 1658 Deus
685 1614 895 1673 gubernat
930 1631 1011 1672 res,
1046 1628 1090 1658 ut
1139 1614 1345 1673 quasdam
1380 1613 1558 1657 aliarum
1591 1613 1635 1656 in

206 1685 487 1741 gubernando
538 1703 681 1730 causas
731 1688 947 1730 instituat:
1001 1688 1112 1730 sicut
1156 1688 1189 1729 si
1230 1686 1381 1744 aliquis
1430 1685 1635 1743 magister

205 1757 441 1815 discipulos
478 1773 580 1801 suos
615 1774 702 1801 non
751 1758 894 1801 solum
943 1759 1125 1802 scientes
1169 1756 1340 1814 faceret,
1384 1755 1458 1801 sed
1503 1757 1632 1800 etiam

206 1828 393 1871 aliorum
429 1828 644 1873 doctores.
679 1847 698 1870 n

324 1901 521 1945 Secunda
555 1903 836 1959 congruentia
870 1914 933 1945 est
968 1901 1094 1946 haec:
1129 1902 1228 1960 quia
1260 1902 1320 1944 sic
1344 1899 1500 1944 melius
1533 1914 1633 1958 pro-

205 1972 375 2016 videtur
423 1975 697 2017 consensioni
747 1987 786 2018 et
826 1975 978 2017 unitati
1026 1973 1123 2017 fidei
1173 1974 1282 2017 inter
1328 1972 1544 2016 homines.
1578 1996 1636 2005 —

207 2063 232 2084 ‹<
268 2044 433 2089 Eodem
467 2046 617 2104 modo,
653 2047 789 2104 inquit
824 2047 1014 2090 Perrone
1043 2045 1118 2102 (2),
1153 2061 1200 2089 ac
1233 2045 1435 2089 homines
1469 2043 1636 2102 cupidi-

206 2117 365 2161 tatibus
401 2119 552 2162 irretiti
587 2119 704 2163 abusi
739 2132 839 2162 sunt
873 2119 1049 2162 rationis
1083 2118 1260 2172 lumine,
1283 2117 1401 2176 quod
1435 2115 1637 2161 omnibus

212 2297 266 2323 est
294 2289 437 2322 credere
467 2297 610 2333 fropter
637 2289 792 2334 quinque
831 2288 996 2329 rationes,
1034 2297 1121 2333 quas
1146 2286 1260 2321 Rabbi
1298 2286 1446 2332 Moyses
1483 2285 1598 2331 ponit.
1617 2297 1636 2316 »

206 2347 289 2382 Hae
319 2356 440 2381 autem
468 2356 550 2382 sunt
578 2348 738 2381 rationes
764 2346 858 2388 illae,
884 2358 972 2393 quas
1003 2346 1038 2380 in
1065 2346 1246 2392 superiore
1272 2344 1365 2380 thesi
1392 2344 1639 2391 exposuimus.

216 2405 279 2442 ef.
303 2407 410 2441 ctiam
442 2416 473 2441 2.
501 2416 532 2441 2.
560 2419 592 2453 q.
621 2416 652 2442 2.
679 2419 713 2442 a·
744 2415 773 2450 3.

302 2467 365 2511 (1)
394 2466 433 2501 In
467 2477 495 2500 ι.
525 2477 559 2512 p.
586 2477 618 2512 q.
650 2475 726 2510 ¹03-
764 2478 796 2502 a.
825 2465 859 2501 6.
888 2466 981 2501 Vide
1015 2466 1123 2502 etiam
1163 2476 1324 2511 responS.
1357 2464 1401 2500 ad
1428 2471 1485 2500 2.'¹
1520 2473 1554 2500 et
1583 2471 1639 2508 3.-

204 2525 476 2560 difficultatem.
1588 2518 1592 2522 ’

309 2585 366 2630 (2)
391 2586 448 2621 De
475 2596 559 2620 vera
587 2585 689 2633 relig.
716 2594 805 2632 part.
838 2597 865 2621 1.
893 2597 973 2632 cap.
1004 2597 1031 2621 1.
1059 2596 1160 2632 prop.
1188 2593 1217 2619 2.
1245 2595 1346 2621 num.
1376 2585 1434 2621 28.
