1737 2802
815 129 1082 183 -352-

354 225 384 267 I.
419 225 479 267 Ut
513 224 628 266 enim
663 223 719 266 ait
752 223 925 266 Tullius
949 223 1031 282 (1),
1071 223 1193 268 «hoc
1225 236 1375 268 natura
1403 223 1671 282 praescribit,

235 309 280 337 ut
312 296 427 338 homo
464 295 632 350 homini,
654 296 892 353 quicumque
926 296 995 348 sit,
1021 295 1067 339 ob
1091 311 1180 343 eam
1208 297 1336 354 ipsam
1358 311 1538 353 causam,
1560 297 1667 355 quod

237 368 267 409 is
315 367 430 409 [vomo
478 367 545 423 sit,
594 366 841 409 consultum
890 366 1058 410 velit.»
1112 367 1220 410 Aliis
1270 366 1430 427 verbis,
1470 365 1665 410 officium

233 436 403 480 amandi
439 438 543 480 alios
579 438 689 480 sicut
722 439 1016 496 nosmetipsos
1051 439 1279 492 enascitur,
1303 450 1350 482 ut
1383 439 1466 482 iarn
1501 438 1669 482 dictum

234 523 311 567 est,
347 525 396 552 ex
429 511 672 568 aequalitate
723 526 796 553 seu
845 512 1207 554 communicatione
1254 511 1426 554 eiusdem
1473 520 1673 555 naturaei

233 581 431 624 Iamvero
465 583 619 624 vitium
655 582 842 640 deturpat
876 582 1065 640 quidem,
1100 599 1189 626 non
1222 596 1366 627 tamen
1399 584 1538 642 aufert
1583 599 1665 626 na-

233 666 374 695 turam
408 653 657 697 humanam.
693 655 807 711 Ergo
841 655 884 697 in
918 655 1078 698 vitioso
1113 671 1229 699 ames
1262 669 1459 700 naturam
1509 656 1668 701 huma-

234 739 348 780 nam,
383 740 491 782 quae
525 727 722 783 quamvis
756 727 810 769 sit
844 727 950 769 vitio
980 726 1217 784 deturpata,
1242 740 1385 771 tamen
1408 741 1471 771 est
1494 743 1666 787 semper

233 798 533 840 aestimatione
567 811 606 840 et
640 814 789 841 amore
824 798 963 855 digna:
1000 798 1102 842 odio
1145 798 1298 842 habeas
1346 800 1515 858 vitium,
1547 800 1665 858 quod

233 882 320 912 tam
354 869 543 913 nobilem
578 869 840 928 dignamque
864 884 1060 914 naturam
1094 871 1304 929 deturpat.
1329 897 1386 905 —
1411 872 1559 929 Aptari
1581 871 1666 915 huc

234 955 417 999 possunt
443 942 616 1000 pulchra
641 943 743 986 haec
767 943 892 986 verba
915 944 1099 1002 Epicteti
1132 943 1213 1002 (2):
1250 961 1272 983 «
1293 943 1452 988 Officia
1485 944 1675 987 omnino-

231 1012 510 1057 relationibus
546 1013 809 1058 definiuntur
833 1015 912 1073 (3)
938 1016 1062 1058 Pater
1087 1016 1180 1058 est?
1205 1016 1404 1058 Dictatur
1432 1030 1577 1058 curam
1602 1016 1666 1073 ip-

233 1087 322 1129 sius
357 1102 450 1129 esse
484 1086 712 1143 agendam,
749 1085 991 1129 cedendum
1024 1088 1063 1130 ei
1109 1087 1153 1128 in
1186 1085 1406 1142 omnibus,
1439 1085 1665 1130 ferendum

233 1174 326 1203 esse
360 1159 394 1200 si
430 1158 710 1211 convicietur,
736 1158 770 1200 si
802 1157 1010 1201 verberet.
1033 1159 1091 1200 At
1113 1170 1231 1215 pater
1255 1158 1390 1201 malus
1421 1169 1499 1201 est.
1521 1157 1666 1202 Num—

233 1229 337 1288 quid
369 1230 505 1286 igitur
537 1229 636 1272 bono
672 1230 778 1287 patri
804 1246 848 1273 es
883 1242 1032 1272 natura
1056 1228 1311 1286 copulatus?
1343 1229 1419 1272 sed
1453 1229 1571 1288 patri.
1597 1228 1672 1272 Τὰ·

230 1300 498 1352 καθήκοντα
533 1299 589 1352 ὡς
613 1295 771 1343 ἐπίπαν
795 1305 891 1352 ταῖς
916 1297 1089 1360 σχέσεσι
1113 1304 1476 1364 παραμετρεῖται.
1505 1298 1661 1360 Πατήρ

232 1375 358 1423 ἐστιν;
394 1371 717 1433 ὑπαγορεύεται
766 1370 1079 1431 ἐπιμελεῖσθαι,
1114 1375 1403 1434 παραχωρεῖν
1438 1369 1662 1428 ἁπάντων,

233 1443 466 1507 ἀνέχεσθαι
503 1442 824 1507 ὶοιδσρσῦντος,
862 1440 1086 1497 παίοντες.
1132 1442 1276 1488 Ἀλλὰ
1323 1441 1472 1507 πατὴρ
1520 1441 1664 1494 κακὸς

232 1520 333 1564 ἐστι.
368 1518 435 1569 Μή
471 1533 510 1561 τι
544 1508 619 1561 οὖν
657 1517 765 1582 πρὸς
815 1516 989 1577 ἀγαθὸν
1040 1516 1212 1579 πατέρα
1262 1516 1381 1577 φύσει
1431 1513 1662 1578 ᾧκειώθης;

234 1589 356 1634 ἀλλὰ
389 1590 495 1650 πρὸς
529 1588 714 1653 πατέρα.
734 1606 753 1629 >>
795 1590 926 1646 Haec,
952 1590 1144 1648 inquam,
1171 1588 1297 1631 verba
1330 1593 1566 1646 possumus
1590 1601 1669 1629 no-

233 1676 324 1706 stro
357 1674 617 1719 argumento
651 1673 808 1718 aptare.
844 1662 994 1703 Homo
1020 1661 1113 1703 est?
1146 1659 1361 1717 Praecipit
1383 1671 1555 1701 naturae
1587 1657 1678 1714 lex?

235 1747 281 1778 ut
313 1734 362 1778 ab
397 1735 488 1777 eius
515 1733 678 1776 iuribus
712 1733 930 1776 laedendis
956 1747 1198 1786 caveamus,
1224 1731 1349 1789 eique
1382 1730 1510 1773 etiam
1534 1744 1665 1786 opem

233 1807 433 1851 feramus.
468 1808 526 1849 At
559 1805 695 1849 homo
731 1806 866 1848 malus
898 1817 973 1848 est.
1007 1803 1238 1862 Numquid
1273 1804 1405 1860 igitur
1439 1817 1537 1844 cum
1581 1801 1669 1844 ho-

234 1880 350 1923 mine
384 1879 483 1922 hono
516 1895 560 1921 es
594 1890 743 1921 natura
779 1877 1064 1920 coniunctus?
1097 1876 1202 1919 Non
1235 1876 1306 1919 ita:
1339 1874 1414 1918 sed
1448 1888 1547 1916 cum
1581 1873 1669 1915 ho·-

326 2098 382 2144 (1)
410 2100 465 2134 De
492 2098 554 2133 off.
580 2099 603 2134 ].
630 2099 692 2133 ΠΙ.
721 2110 753 2133 c.
780 2097 812 2133 6.

329 2159 384 2204 (2)
413 2159 592 2194 Euchirid.
621 2170 697 2205 cap.
727 2170 779 2202 30.
809 2158 883 2194 Cfr.
904 2160 1014 2194 etiam
1032 2166 1274 2193 commentar.
1292 2156 1470 2202 Simplicii
1491 2156 1527 2190 in
1545 2155 1665 2200 Epict.

234 2219 422 2254 enchirid.:
447 2231 469 2252 «
485 2220 521 2254 Si
549 2229 649 2265 pater
674 2219 840 2265 improba
868 2218 1057 2253 voluntate
1085 2217 1205 2260 fuerit=
1228 2217 1338 2263 patris
1356 2207 1570 2252 relationem
1590 2227 1666 2250 non

233 2278 342 2313 solvit
372 2279 555 2313 voluntas:
583 2290 624 2313 ea
651 2280 749 2313 enim
770 2284 897 2313 natura
918 2288 969 2313 est
988 2279 1194 2322 constituta,
1213 2288 1288 2311 non
1312 2277 1502 2311 voluntate.
1521 2275 1565 2310 Et
1582 2276 1664 2312 talis

234 2348 288 2375 est
313 2339 441 2373 relatio
469 2338 512 2372 ad
535 2343 684 2384 patrem,
711 2350 786 2372 non
814 2339 857 2372 ad
878 2338 1002 2372 bonum
1021 2337 1144 2384 utique
1162 2347 1315 2382 patrem.
1334 2337 1408 2371 Etsi
1429 2337 1535 2383 igitur
1553 2338 1646 2372 malu
1659 2341 1681 2365 δ”

232 2389 341 2433 fuerit
369 2407 480 2443 pater,
506 2406 629 2431 tamen
656 2396 790 2440 officia,
817 2409 908 2444 quae
927 2398 1018 2443 patri
1044 2397 1234 2439 debentur,
1253 2396 1285 2430 ei
1303 2395 1514 2441 praestanda
1534 2404 1634 2430 sunt.
1650 2408 1676 2429 »

233 2476 278 2483 -
307 2457 379 2493 Cfr.
407 2456 585 2492 Solimani
612 2458 647 2491 in
676 2466 813 2504 quaest.
841 2458 885 2492 de
912 2458 974 2493 off.
1002 2469 1087 2504 erga
1113 2458 1215 2492 alios.

330 2516 387 2562 (3)
413 2517 492 2551 Hoc
520 2526 626 2562 caput
652 2516 808 2552 absolvit
827 2517 925 2552 hisce
944 2518 1075 2552 verbis:
1105 2532 1122 2548 ι
1137 2517 1196 2552 Sic
1214 2517 1326 2561 igitur
1344 2527 1363 2550 a
1382 2515 1515 2557 vicino,
1536 2526 1556 2549 a
1575 2515 1669 2559 cive,

235 2577 278 2611 ab
305 2577 538 2622 imperatore,
565 2577 664 2623 officii
691 2578 871 2612 rationem
898 2577 1073 2621 invenies,
1099 2578 1128 2611 si
1154 2577 1335 2612 relationes
1360 2575 1574 2611 considerare
1600 2575 1674 2611 ad-

234 2637 431 2671 suet-eris.»
458 2635 530 2671 Cfr.
561 2648 650 2682 quae
677 2636 833 2670 diximus
861 2648 979 2682 super.
1006 2648 1087 2683 pag.
1117 2637 1174 2682 98.
