1737 2802
797 110 1064 156 ——268—.

218 204 336 247 dium
371 205 650 247 necessarium.
684 203 775 246 Alia
809 204 926 247 enim
963 217 1133 261 praesto
1181 217 1281 248 sunt
1327 204 1480 262 media,
1512 220 1641 263 prae—

219 277 364 318 sertim
395 289 498 317 vero
521 287 721 317 constans
754 276 864 318 vitae
889 272 1189 333 integerrimae
1224 277 1348 330 ratio,
1376 289 1417 320 et
1440 292 1641 322 recursus

219 346 269 389 ad
305 346 604 388 auctoritatem
640 345 807 389 civilem
857 346 907 389 ad
943 346 1025 390 hoc
1057 363 1078 390 a
1111 360 1259 391 natura
1307 349 1562 405 institutam,
1596 360 1643 403 ut

223 419 377 460 civium
415 419 504 460 :Tura
538 431 748 475 protegat.
775 443 830 450 —
856 418 968 461 Cum
995 419 1122 475 igitur
1147 417 1336 462 duellum
1361 420 1414 461 sit
1448 418 1641 462 medium

220 505 304 532 non
341 491 646 547 necessarium,
669 505 754 533 non
781 490 1175 547 proportionatum,
1199 502 1325 547 atque
1353 504 1529 547 prorsus
1553 491 1641 534 ine-

221 574 342 620 ptum
379 561 428 604 ad
451 561 792 619 recuperandum
824 562 1052 618 honorem,
1077 575 1139 604 est
1173 561 1329 619 aliquid
1364 562 1643 606 inhonestum

220 646 260 676 et
294 633 501 677 illicitum.
537 635 598 676 Ac
633 634 812 691 proinde
847 633 1038 676 duellum
1074 633 1293 691 suscipere
1327 648 1413 676 non
1458 645 1521 677 est
1571 648 1641 676 re-

222 721 421 762 cuperare
456 705 687 762 honorem,
721 704 794 748 sed
829 704 1006 748 honoris
1041 706 1283 762 graviorem
1318 703 1456 748 adhuc
1503 705 1644 748 iactu-

221 792 309 818 ram
346 775 495 820 facere.
533 777 606 819 Est
652 777 766 819 enin]
809 778 1012 819 iacturam
1050 776 1184 820 facere
1232 776 1401 819 virtutis
1449 775 1642 832 moralis,

221 863 327 905 quae
360 861 423 890 est
466 848 644 891 honoris
678 847 1026 902 fundamentum,
1062 862 1102 892 et
1134 850 1226 892 sine
1258 863 1342 906 qua
1374 847 1518 891 nullus
1552 847 1642 892 dari

221 932 363 977 potest
397 920 536 962 honor
569 936 710 962 verus.

341 992 593 1048 Spectemus
628 994 746 1035 tertio
782 991 987 1048 duellum,
1021 990 1138 1049 quod
1178 991 1409 1049 suscipitur
1439 991 1495 1035 ad
1523 999 1644 1050 prae-

219 1063 444 1105 cavendum
481 1065 683 1105 iacturam
717 1063 894 1116 honoris,
916 1078 1017 1121 qnae
1051 1079 1100 1106 ex
1132 1063 1382 1107 recusatione
1415 1063 1479 1106 vel
1521 1064 1645 1106 etiam-

221 1149 299 1175 πίῃ
335 1134 533 1176 oblatione
567 1134 692 1177 duelli
722 1144 965 1193 sequeretur.
1001 1160 1053 1167 —
1091 1140 1132 1187 α)
1167 1135 1232 1178 De
1271 1133 1383 1178 facto
1433 1135 1510 1178 etsi
1559 1135 1645 1178 sint

222 1204 423 1247 homines
460 1206 710 1262 insipientes
743 1218 783 1248 et
835 1206 986 1263 iniqui,
1019 1207 1092 1264 qui
1141 1204 1282 1249 dicant
1315 1206 1446 1249 animi
1493 1205 1644 1250 abiecti

222 1291 313 1318 esse
348 1291 430 1318 non
458 1275 610 1319 offerre
645 1277 835 1320 duellum
860 1277 927 1320 vel
960 1277 1152 1321 oblatum
1175 1292 1263 1321 non
1293 1290 1522 1335 acceptare3
1544 1289 1646 1322 sunt

221 1359 363 1390 tamen
396 1349 472 1391 viri
507 1350 719 1407 sapientes
769 1362 809 1392 et
856 1350 1052 1399 virtuosi,
1088 1350 1159 1407 qui
1194 1348 1236 1392 id
1281 1361 1424 1407 aperte
1472 1361 1643 1407 negant,

222 1431 262 1461 et
295 1421 559 1463 contrarium
595 1420 748 1478 agendi
783 1421 962 1464 modum
1000 1420 1154 1464 habent
1187 1432 1408 1478 tamquam
1458 1419 1644 1463 honori-

221 1489 366 1546 ficum,
384 1492 508 1549 eique
541 1508 586 1535 se
620 1493 660 1535 in
696 1493 810 1550 praxi
847 1492 1119 1536 conformant
1151 1490 1235 1551 (1).
1272 1490 1645 1545 Quomodocum-

316 1754 367 1796 (ι)
383 1752 435 1786 Ita
451 1763 488 1786 se
503 1752 614 1799 gessit
628 1752 908 1794 Themistocles,
921 1762 957 1788 ut
969 1752 1180 1788 Plutarchus
1195 1762 1330 1796 narrat,
1344 1754 1379 1788 in
1391 1754 1467 1789 vita
1479 1765 1557 1802 cap.
1567 1755 1643 1791 XL:

222 1824 241 1843 «
268 1812 474 1857 Eurybiadi,
501 1812 559 1858 qui
586 1812 707 1846 classis
734 1812 934 1858 praefectus
960 1822 1035 1848 erat
1061 1822 1210 1859 propter
1234 1813 1384 1859 Spartae
1418 1814 1646 1861 dignitatem,

219 1872 416 1918 trepidanti
443 1871 642 1918 periculum
670 1873 777 1915 adire,
805 1874 1047 1920 statuentique
1074 1872 1118 1907 ad
1145 1872 1323 1908 Isthmum
1363 1874 1547 1920 navigare,
1575 1886 1645 1922 quo

222 1933 301 1966 loco
328 1932 434 1966 etiam
460 1941 646 1966 terrestres
673 1932 918 1978 Peloponnesi
947 1933 1073 1978 copiae
1113 1941 1214 1967 erant
1255 1941 1512 1979 congregatae,
1540 1933 1645 1968 The-

220 1992 410 2026 mistocles
437 1991 664 2032 contradixin
691 2003 761 2038 quo
800 1991 837 2025 in
865 1992 1064 2027 certamine
1091 1992 1246 2027 celebria
1286 1992 1352 2028 ista
1379 1992 1454 2027 eius
1480 1992 1574 2028 dicta
1601 1994 1645 2028 ab

221 2062 264 2085 eo
291 2050 430 2095 prolata
457 2059 673 2085 memorant.
699 2051 866 2098 Namque
893 2050 1089 2097 Eurybiadi
1117 2051 1306 2094 obiicenti,
1326 2051 1362 2086 in
1389 2052 1647 2091 certaminibus

221 2111 277 2156 qui
307 2109 480 2144 maturius
507 2109 727 2155 prodiissent
756 2110 965 2144 verberibus
984 2110 1104 2156 plecti,
1132 2109 1332 2156 respondit,
1348 2121 1474 2145 verum
1500 2111 1535 2145 id
1555 2122 1647 2154 esse,

218 2169 280 2204 sed
307 2179 340 2204 et
368 2181 430 2204 eos
457 2170 515 2216 qui
541 2169 656 2204 serius
682 2171 829 2204 veniant
855 2182 930 2205 non
969 2171 1153 2211 coronari;
1185 2170 1380 2216 tollentique
1421 2171 1578 2205 baculum
1615 2176 1647 2206 et

212 2229 357 2275 plagam
378 2230 460 2262 mitt
453 2229 527 2263 znti
547 2228 792 2272 Themistocles,
807 2234 943 2275 percute
963 2239 1050 2271 sane,
1069 2228 1189 2274 inquit,
1207 2228 1262 2263 sed
1281 2228 1364 2263 audi
1381 2229 1407 2274 (
1415 2232 1436 2261 1
1440 2241 1508 2274 παρ
1515 2241 1572 2261 πυ.
1571 2229 1619 2261 ’ν,
1626 2243 1642 2260 υ

221 2300 259 2320 σε
290 2301 347 2322 ’rsa
386 2287 512 2332 ὅτῳ
520 2288 573 2319 izv
609 2288 651 2325 ὡς
687 2288 798 2328 ,ν-αξ
829 2287 1232 2326 ο;.ὁ()]ιστκτ
1267 2289 1340 2333 equ,
1377 2287 1644 2324 norma:

221 2344 283 2378 ἃ]
289 2357 377 2378 σω
404 2346 439 2378 1⁸22
434 2345 475 2390 ³.)
502 2345 598 2380 Tum
617 2325 839 2392 Eurybiades
865 2347 952 2382 mite
970 2346 1160 2392 ingenium
1188 2346 1401 2390 admiratus,
1419 2345 1540 2381 dicere
1561 2355 1645 2380 eum

220 2401 374 2436 iussit.»
399 2422 443 2428 —
470 2403 581 2438 Recte
609 2403 745 2443 Gerdil,
771 2416 832 2450 op.
859 2405 917 2440 cit.
945 2405 1048 2451 chap.
1078 2415 1117 2440 1.:
1149 2419 1165 2436 «
1184 2404 1236 2440 Ce
1263 2405 1298 2440 n'
1313 2414 1366 2440 est
1392 2415 1455 2451 pas
1481 2404 1567 2439 chez
1593 2403 1646 2438 les

220 2460 366 2508 peuples
391 2462 540 2497 &claires
566 2472 600 2498 et
627 2464 720 2510 polis
745 2464 804 2510 qu'
820 2464 844 2498 il
885 2464 958 2499 faut
991 2464 1164 2500 chercher
1201 2464 1381 2512 l'origine
1419 2464 1482 2500 des
1519 2464 1644 2500 Duels.

217 2521 287 2556 Les
313 2521 425 2556 Grecs
452 2531 485 2556 et
513 2522 562 2557 les
588 2523 776 2566 Romains,
802 2524 853 2559 les
880 2524 1046 2559 modeles
1073 2523 1115 2559 de
1142 2533 1266 2560 toutes
1304 2524 1358 2559 les
1383 2524 1526 2560 nations
1552 2534 1646 2570 pour

218 2579 269 2614 les
295 2588 367 2614 arts
394 2580 436 2615 de
464 2581 494 2615 la
523 2593 648 2628 guerre
677 2591 711 2617 et
740 2582 783 2617 de
810 2583 844 2618 la
871 2583 966 2630 paix‚
994 2583 1045 2618 les
1084 2583 1296 2630 Egyptiens,
1322 2582 1375 2618 les
1413 2582 1644 2626 Pheniciens,
