1737 2802
259 197 454 241 Breviter
486 208 528 239 et
559 207 656 254 apte
688 196 880 239 Becanus
915 198 988 249 (Γπ
1030 191 1265 247 «Quilibet
1314 192 1450 236 homo
1499 208 1570 236 ra·-

135 270 260 314 tione
291 285 393 312 suae
424 268 643 326 libertatis,
677 285 752 327 per
784 284 828 312 se
861 266 1095 326 loquendo,
1137 259 1261 309 habet
1294 266 1360 308 ius
1394 280 1574 308 conser-

139 341 266 384 vandi
299 357 421 384 suam
454 341 587 384 vitam
621 353 661 383 et
694 340 844 384 utendi
878 341 967 383 suis
1011 339 1229 398 potentiis.
1281 338 1379 381 Hoc
1429 349 1572 380 autem

141 413 208 455 ius
239 412 424 456 violatur
456 427 530 470 per
565 413 845 456 occisionem.
879 412 994 469 Ergo
1027 412 1096 469 qui
1144 409 1299 454 occidit
1346 409 1570 452 hominem

82 572 97 584 ·
138 569 252 598 vam.
288 553 409 598 Idem
443 555 524 598 dici
559 566 699 612 potest
735 554 786 598 de
820 554 1051 612 Republica
1085 566 1125 597 et
1159 554 1271 610 Deo,
1305 553 1379 610 qui
1418 550 1572 594 habent

137 625 272 668 etiam
305 626 370 668 ius
403 625 455 668 ad
486 626 620 669 vitam
656 625 928 683 singulorum
978 623 1265 667 subditorum.
1310 621 1439 666 Unde
1486 637 1573 665 non

136 694 283 739 solum
317 695 363 738 fit
395 697 549 738 iniuria
581 696 746 739 homini
781 697 853 754 qui
890 694 1113 749 occiditur,
1137 694 1211 738 sed
1245 694 1373 736 etiam
1406 694 1503 736 Deo
1527 704 1568 736 et

141 766 430 825 Reipublicae.
455 786 478 807 ›

259 837 369 881 Illud
404 839 577 896 insuper
609 839 916 895 animadverte,
943 839 1025 882 hoc
1049 851 1216 882 tantum
1252 838 1428 891 crimen,
1453 836 1571 896 quod

141 920 205 951 est
237 909 396 952 occisio
429 909 620 965 alterius,
643 912 892 968 perpetrari,
928 927 1018 955 non
1051 911 1098 954 ab
1131 927 1183 954 eo
1217 910 1375 960 solum,
1400 911 1474 968 qui
1507 922 1571 954 est

137 994 267 1023 causa
291 981 471 1038 physica,
505 981 578 1025 sed
611 983 739 1025 etiam
773 982 822 1025 ab
856 999 922 1037 eo,
948 984 1020 1041 qui
1054 996 1117 1027 est
1151 998 1274 1026 causa
1306 983 1476 1026 moralis
1512 986 1572 1036 (2)

140 1050 382 1104 homicidii,
415 1069 455 1095 v.
489 1068 550 1110 gr,
585 1053 633 1097 ab
668 1069 719 1097 eo
753 1055 825 1112 qui
860 1055 981 1098 alicui
1025 1055 1095 1098 dat
1143 1055 1291 1098 efficax
1338 1055 1568 1098 consilium

137 1120 348 1180 illumque
380 1124 561 1182 impellit
595 1125 646 1168 ad
678 1125 860 1168 alterum
894 1126 1147 1170 necandum.
1182 1153 1238 1159 —
1272 1128 1374 1180 Qua
1420 1126 1472 1170 de
1520 1142 1565 1170 re

139 1206 243 1237 nota
276 1207 375 1237 sunt
408 1211 440 1239 s.
474 1197 708 1252 Augustini
742 1210 801 1252 ‹53›
835 1196 977 1253 verba,
1003 1197 1157 1256 quibus
1192 1198 1242 1241 de
1277 1198 1441 1242 Christi
1465 1199 1567 1241 DO-

139 1266 247 1308 mini
280 1279 420 1310 morte
451 1266 632 1326 loquens
677 1282 802 1326 urget
847 1269 1043 1313 Iudaeos:
1086 1288 1105 1311 α
1129 1271 1174 1314 Si
1208 1286 1305 1313 reus
1353 1269 1566 1324 QPilatus),

135 1343 242 1400 quia
272 1340 373 1385 fecit
404 1342 472 1384 vel
503 1344 677 1400 invitus3
710 1343 768 1386 illi
816 1345 1084 1400 innocentes,
1117 1344 1189 1401 qui
1238 1338 1481 1401 coegerunt
1522 1355 1570 1386 ut

138 1413 325 1458 faceret?
356 1415 491 1460 Nullo
526 1416 673 1460 modo.
709 1416 792 1460 Sed
825 1415 893 1459 ille
928 1416 1032 1460 dixit
1070 1418 1113 1460 in
1162 1433 1262 1460 eum
1309 1417 1565 1460 sententiam

137 1679 199 1726 qui
219 1678 422 1725 percusserit
447 1678 613 1712 bominem
637 1676 753 1711 volens
778 1676 940 1719 occ-Idem,
966 1680 1073 1709 morte
1100 1675 1291 1709 moriatur.
1325 1673 1370 1708 Et
1394 1672 1454 1707 hic
1492 1673 1575 1720 qui-

142 1740 227 1775 dem
252 1739 432 1774 crudelior
458 1747 511 1773 est
537 1737 635 1784 lupo,
662 1737 706 1771 de
731 1747 802 1783 quo
829 1736 960 1770 dicitur
992 1735 1029 1769 in
1070 1744 1101 1777 4.
1129 1735 1251 1770 Aniin.
1279 1733 1375 1780 quod
1417 1732 1446 1767 si
1486 1731 1574 1779 lupo

138 1799 247 1835 detur
273 1811 356 1835 caro
383 1799 459 1846 lupi
487 1810 561 1833 non
589 1797 760 1833 comedit.
780 1810 800 1831 »

236 1859 291 1906 (1)
316 1861 373 1895 De
400 1860 475 1894 iure
503 1868 537 1893 et
563 1859 646 1894 iust.
686 1870 761 1905 cap.
788 1858 918 1893 LXIV.
945 1865 1080 1904 quaest.
1116 1857 1160 1891 ΙΙ.
1195 1868 1230 1890 n.
1257 1866 1292 1890 2.
1324 1875 1364 1880 —
1392 1854 1441 1890 Ut
1479 1854 1576 1890 clare

138 1919 253 1963 vides,
272 1919 584 1968 quemadmodum
604 1919 741 1954 occisio
759 1920 822 1962 sui,
841 1917 889 1952 ita
909 1918 1044 1952 occisio
1071 1916 1216 1951 alterius
1241 1915 1372 1962 triplici
1392 1926 1436 1949 ex
1455 1915 1576 1960 capite

141 1982 316 2028 probatur
341 1992 419 2016 esse
446 1980 553 2023 mala,
579 1979 749 2013 nimirum
784 1987 947 2024 respectu
975 1977 1071 2012 illius
1099 1978 1157 2024 qui
1189 1975 1378 2074 occiffur,
1407 1984 1574 2021 respectu

138 2041 417 2076 communitatis
443 2052 461 2074 a
489 2051 556 2086 qua
584 2039 787 2074 membrum
815 2037 1048 2077 abscinditur,
1078 2045 1244 2082 respectu
1308 2033 1340 2068 ei
1367 2032 1422 2066 cui
1450 2044 1574 2068 servus

138 2102 373 2137 subtrahitur.
400 2101 440 2136 In
466 2101 538 2135 hoc
565 2109 619 2135 est
646 2098 840 2134 discrimen
865 2097 964 2144 quod
991 2097 1136 2131 occisio·
1157 2094 1328 2142 proximi,
1347 2104 1430 2128 cum
1457 2093 1502 2128 sit
1529 2092 1578 2128 ad

143 2160 381 2204 alterum,.est
398 2171 481 2195 vera
501 2159 630 2194 iniuria
648 2159 683 2193 in
702 2170 783 2193 eum
804 2159 864 2205 qui
883 2156 1070 2199 occiditur,
1090 2166 1165 2190 non
1184 2154 1233 2189 ita
1251 2153 1458 2198 suicfflium,
1475 2153 1572 2200 quod

140 2230 266 2256 tamen
290 2230 437 2266 semper
462 2228 515 2255 est
541 2228 667 2254 contra
694 2217 896 2254 naturalem
925 2216 1204 2251 inclinationem
1231 2223 1266 2250 et
1293 2214 1482 2248 caritatem
1502 2223 1572 2259 qua

143 2280 295 2328 quisque
319 2281 478 2326 seipsum
504 2279 655 2326 diligere
680 2287 832 2315 tenetur.

239 2338 292 2386 (2)
316 2340 373 2374 De
398 2339 628 2375 distinctione
647 2350 779 2374 causae
797 2338 833 2373 in
848 2338 1025 2385 physicam
1043 2346 1079 2372 et
1097 2336 1263 2371 moralem
1281 2335 1440 2370 diximus
1458 2345 1577 2380 super.

143 2398 219 2435 vol.
250 2410 278 2434 1.
303 2399 395 2434 thes.
420 2399 535 2434 XVII.
561 2411 595 2445 p.
619 2408 690 2442 150.
711 2398 763 2435 Cf.
784 2399 891 2434 etiam
917 2398 990 2433 vol.
1011 2408 1040 2434 1.
1056 2397 1147 2432 thes.
1162 2397 1296 2432 XXVI.
1325 2408 1358 2443 p.
1378 2405 1461 2440 217.
1478 2405 1582 2440 seqq,

240 2458 293 2505 (3)
318 2459 360 2494 In
374 2458 705 2495 Psalm.LX111.>—
724 2458 786 2496 Cf.
800 2470 827 2494 s.
847 2459 1045 2500 Thomam,
1063 2468 1188 2504 opusc,
1205 2457 1276 2499 cit„
1295 2457 1356 2491 ubi
1373 2456 1434 2499 ait,
1454 2452 1580 2501 «quod

142 2518 334 2554 hominem
360 2518 527 2554 occidere
554 2518 733 2565 contingit
759 2517 1020 2564 multipliciter,
1046 2529 1160 2561 manu,
1188 2529 1256 2561 ore,
1284 2516 1472 2559 adiutorio,
1498 2526 1583 2550 con-

141 2589 252 2614 sensu:
272 2592 290 2610 »
318 2577 462 2625 singula
490 2587 576 2612 vero
603 2577 769 2624 explicat.
