1737 2802
782 71 1047 114 „214-

198 168 283 198 tam
309 155 479 211 respicit
504 153 757 211 religionem
794 153 925 211 illam,
949 154 1245 212 quaedicatur
1268 168 1308 199 et
1331 156 1507 214 insuper
1535 171 1628 201 vere

196 227 246 270 sit
280 225 478 281 revelata,
503 241 589 268 non
625 238 766 268 autem
791 241 899 284 quae
930 226 1208 270 tantummodo
1234 226 1398 270 dicatur
1430 227 1627 272 revelata.

197 298 394 339 Iamvero
427 313 477 340 ex
511 297 560 339 iis
588 296 779 355 pluribus
806 296 1088 353 religionibus
1114 296 1202 340 fieri
1227 298 1395 356 nequit,
1423 311 1466 341 ut
1491 314 1625 343 omnes

198 384 293 412 vere
325 369 409 411 sint
442 384 464 410 a
498 369 594 412 Deo
629 368 846 412 revelatae.
898 369 1016 411 Deus
1066 371 1180 412 enim
1232 384 1386 427 negare
1435 371 1624 429 seipsum

196 456 283 484 non
318 453 474 499 potest:
523 442 731 484 contraria
780 454 921 484 autem
972 440 1199 484 revelando
1250 441 1469 499 dogmata,
1502 457 1626 486 suam

196 525 371 569 negaret
405 513 673 569 sapientiam,
707 513 991 570 sanctitatem,
1029 513 1268 556 veritatem.

317 584 465 637 Quare
500 583 571 637 illi,
606 585 679 643 qui
715 586 924 627 invenerit
958 583 1100 642 plures
1136 583 1379 642 religiones,
1403 600 1511 643 quae
1545 586 1624 628 etsi

196 656 306 698 inter
338 671 382 698 se
415 657 499 699 sint
532 657 771 714 oppositae,
806 673 826 699 a
860 657 954 699 Deo
988 669 1129 699 tamen
1165 655 1372 699 revelatae
1412 656 1623 712 dicantur,

196 727 278 771 hoc
312 740 375 771 est
408 728 638 785 agendum:
675 729 708 771 is
743 728 893 772 sedulo
930 729 1145 786 inquirere
1182 728 1320 785 debet,
1353 741 1501 773 utrum
1544 729 1624 773 ali—

194 814 276 857 qua
309 800 361 842 sit
395 800 504 842 inter
538 799 641 854 illas,
666 816 772 858 quae
797 801 921 843 certis
956 798 1122 843 indiciis
1147 800 1313 857 probet,
1338 816 1382 842 se
1406 816 1498 844 vere
1532 817 1625 846 esse

196 872 236 915 id
281 871 398 930 quod
448 888 493 914 se
542 888 637 915 esse
686 871 804 928 dicit,
840 887 995 930 nempe
1039 871 1263 915 revelatam
1299 888 1373 915 seu
1419 871 1623 918 divinam.

195 944 316 988 Hanc
350 944 420 987 ubi
459 943 684 998 detexerit,
710 943 833 988 debet
868 960 960 987 eam
996 945 1161 1001 integre
1196 957 1236 987 et
1268 960 1318 987 ex
1351 946 1494 988 animo
1527 962 1622 989 am·-

195 1015 319 1074 plecti
352 1015 619 1074 firmiterque
653 1029 812 1060 tenere.

312 1089 364 1131 Et
395 1104 509 1144 sane,
545 1101 587 1131 ut
621 1104 711 1132 rem
749 1087 951 1146 exemplo
998 1088 1140 1146 aliquo
1189 1087 1470 1144 illustremus,
1508 1089 1619 1132 inter

193 1160 305 1202 cives
338 1159 551 1203 haudraro
586 1159 879 1203 dissensiones
915 1160 1115 1203 oriuntur
1148 1172 1189 1204 et
1224 1173 1375 1215 sectae,
1406 1159 1620 1204 affirman-

192 1231 305 1275 tibus
339 1231 445 1286 aliis,
481 1232 570 1274 aliis
604 1231 857 1290 negantibus
892 1231 999 1275 hanc
1033 1248 1126 1275 esse
1176 1233 1288 1289 regis
1337 1231 1620 1287 voluntatem,

191 1315 239 1346 ut
271 1320 310 1347 v.
345 1320 386 1362 g.
421 1302 472 1347 ad
523 1302 681 1359 bellum
731 1316 943 1362 pergatur.
993 1304 1139 1347 Nemo
1190 1320 1398 1363 umquam
1448 1304 1621 1362 diceret,

192 1375 497 1434 obligationem
524 1375 845 1434 obtemperandi
872 1377 958 1433 regi
994 1375 1180 1434 impleri,
1203 1376 1411 1434 quidquid
1444 1376 1616 1421 tandem

190 1447 278 1502 fiat,
314 1451 403 1492 sive
435 1448 486 1492 ad
521 1448 680 1492 bellum
715 1449 811 1506 quis
860 1447 1179 1506 progrediatur,
1211 1449 1300 1492 sive
1350 1463 1450 1493 non:
1484 1449 1615 1493 indif-

190 1519 330 1564 ferens
364 1536 540 1578 prorsus
575 1536 681 1574 esse,
715 1520 901 1563 alterutri
937 1536 987 1563 ex
1020 1521 1232 1578 oppositis
1265 1520 1344 1564 illis
1393 1522 1617 1565 sententiis

189 1592 427 1636 adhaerere.
463 1592 546 1637 Sed
579 1609 732 1636 omnes
781 1593 1064 1650 intelligerent
1106 1595 1250 1636 statim
1304 1593 1617 1652 obligationem

188 1681 281 1709 esse
314 1665 570 1723 inquirendi,
607 1665 709 1723 quid
742 1681 839 1708 vere
872 1681 945 1708 rex
978 1664 1094 1719 velit,
1129 1666 1434 1725 cognitamque
1466 1682 1612 1710 veram

188 1739 300 1795 regis
342 1737 610 1781 voluntatem
660 1737 934 1795 exsequendi.
968 1762 1025 1770 —
1058 1739 1204 1783 Restat
1253 1739 1398 1795 igitur,
1443 1737 1615 1782 indiffe-

187 1810 461 1865 rentismum‚
495 1825 623 1867 quem
659 1823 826 1866 vocant,
859 1810 900 1852 in
935 1809 1059 1852 rebus
1094 1809 1314 1866 religionis
1361 1823 1498 1855 rectae
1547 1826 1613 1854 ra-

186 1882 293 1924 tioni
327 1880 539 1924 adversari
562 1897 609 1924 ac
632 1881 863 1924 maximam
890 1882 985 1924 Deo
1021 1880 1173 1924 inferre
1203 1881 1416 1924 iniuriam.
1455 1899 1478 1922 «
1497 1882 1613 1926 Ηοι·-

186 1952 368 1996 rendum
415 1966 492 2006 est,
526 1954 582 1996 ita
615 1954 655 1997 S.
690 1952 888 1996 Pontifex
935 1954 1035 1996 Pius
1075 1954 1151 1997 IX.
1187 1952 1272 2012 (1),
1321 1969 1367 1996 ac
1415 1953 1481 1996 vel
1529 1954 1609 2011 ipsi

186 2024 362 2068 naturali
396 2025 572 2068 rationis
606 2023 758 2067 lumini
793 2025 977 2068 maxime
1010 2040 1253 2083 repugnans
1288 2023 1339 2068 de
1384 2024 1613 2069 cuiuslibet

184 2095 404 2152 religionis
439 2095 719 2140 indifferentia
752 2109 992 2152 systema.»

305 2169 424 2211 Hanc
458 2167 510 2211 de
543 2167 695 2211 officiis
744 2184 842 2225 erga
890 2169 1036 2211 Deum
1085 2168 1420 2226 disputationem
1472 2168 1612 2228 placet

182 2238 320 2282 verbis
354 2240 562 2283 Lactantii
586 2239 657 2299 (2)
685 2239 917 2283 absolvere:
944 2241 1085 2284 Deum
1112 2240 1251 2284 colere
1288 2260 1310 2281 «
1329 2253 1392 2284 est
1416 2240 1610 2285 hominis

277 2480 334 2525 (1)
362 2480 402 2514 In
430 2481 492 2526 Ep.
519 2481 605 2515 Enc.
634 2481 706 2526 Qui
726 2481 896 2525 pluribus,
924 2493 945 2529 9
972 2482 1067 2518 Nov,
1101 2480 1201 2524 1846.

275 2539 328 2585 (2)
354 2541 437 2575 Div.
465 2540 615 2575 institut.
643 2541 720 2575 πᾶν.
748 2550 844 2587 gent.
873 2541 894 2576 l.
921 2541 982 2576 VI.
1011 2541 1054 2576 de
1081 2553 1166 2576 vero
1193 2540 1288 2576 cultu
1319 2552 1394 2588 cap.
1424 2551 1451 2576 1.
