1737 2802
780 110 836 116 —-
873 85 956 128 282
989 109 1049 116 —

202 178 378 236 poribus
401 194 573 236 semper
596 179 828 222 extiterunt
854 180 895 221 in
919 177 1065 222 medio
1085 179 1271 222 cuiusvis
1294 178 1494 237 politicae
1513 194 1634 223 cotn-

202 252 435 295 munitatis.
477 278 520 282 —-
560 251 860 308 Contrarium,
893 250 1011 308 quod
1044 251 1206 294 scilicet
1237 251 1395 310 singuli
1430 252 1638 296 homines*

202 323 266 367 vel
290 323 484 380 singulae
508 323 689 367 familiae
712 323 871 366 nullam
897 339 986 366 rem
1012 322 1282 367 immobilem
1307 323 1386 367 sibi
1412 324 1634 382 propriam

201 395 395 450 habeant,
417 395 458 436 in
483 394 597 436 nulla
619 395 862 436 invenimus
888 394 1073 449 civitate,
1093 394 1174 436 nisi
1199 392 1309 436 forte
1333 394 1455 437 valde
1474 403 1635 452 parva,

203 481 310 524 quate
343 481 507 509 nomen
543 466 723 508 civitatis
757 466 826 507 vix
860 478 1091 518 mereatur,
1125 478 1166 508 et
1198 465 1252 508 ad
1295 465 1412 509 breve
1458 474 1636 524 tempus:

202 552 419 582 crescente
453 539 566 581 enim
604 538 835 580 hominum
869 553 944 580 seu
980 536 1239 581 familiarum
1274 553 1475 595 numero,
1507 538 1629 582 vide·
1686 530 1687 533 Ἴ

203 626 300 652 mus
335 611 477 653 statim
514 625 657 652 rerum
692 610 820 652 etiam
853 608 1070 651 stabilium
1120 610 1229 651 inter
1278 610 1467 666 privatos
1517 608 1637 652 divi-—

202 683 370 725 sionem
405 681 489 739 (1).

323 753 522 795 Iamvero
572 767 670 794 cum
719 751 822 793 nihil
858 752 912 793 sit
961 752 1053 794 sine
1100 753 1264 795 ratione
1314 751 1542 796 sufficienti
1590 765 1637 795 et¹

202 823 449 881 adaequata,
484 836 656 880 oportet
691 835 736 865 ut
771 822 854 865 hoc
887 823 1016 865 etiam
1051 821 1210 866 factum
1247 839 1416 866 causam
1451 824 1515 866 sui
1540 823 1639 866 suf-—

201 893 415 938 ficientem
442 894 602 938 habeat.
634 893 720 937 Sed
744 892 994 936 estfactum
1033 896 1263 937 universale
1295 907 1335 937 et
1369 904 1558 938 constans
1591 895 1633 937 in

203 965 406 1010 omnibus
443 965 707 1008 hominibus:
744 980 867 1007 causa
899 980 1003 1007 vero
1039 965 1270 1023 adaequata
1302 965 1415 1023 facti,
1439 966 1556 1024 quod
1579 967 1635 1009 sit

203 1041 245 1081 in
295 1037 496 1082 omnibus
534 1036 785 1079 hominibus
834 1036 1075 1080 universale
1109 1050 1148 1080 et
1183 1049 1398 1088 constans,
1432 1052 1520 1081 non
1555 1054 1632 1097 po-

202 1125 285 1155 test
320 1127 428 1163 esse,
461 1111 543 1153 nisi
576 1108 756 1166 aliquid,
792 1108 911 1166 quod
946 1122 1040 1151 tum
1091 1109 1255 1152 identice
1289 1110 1344 1152 sit
1392 1123 1486 1152 tum
1534 1126 1634 1154 con-

200 1192 354 1227 stanter
387 1183 441 1224 sit
475 1182 517 1224 in
553 1181 716 1223 cunctis
752 1179 1018 1224 hominibus:
1053 1180 1158 1223 nihil
1193 1193 1336 1224 autem
1370 1194 1434 1224 est
1473 1181 1638 1225 identi-

205 1270 305 1297 cum
338 1266 378 1296 et
412 1265 610 1296 constans
645 1252 686 1294 in
723 1252 886 1293 cunctis
932 1250 1198 1309 hominibus,
1232 1253 1313 1295 nisi
1363 1253 1453 1310 ipsa
1501 1253 1639 1297 ratio-

203 1325 310 1369 nalis
344 1333 517 1367 natura.
552 1324 668 1380 Ergo
702 1321 862 1365 factum
897 1322 1000 1365 illud
1034 1339 1205 1366 causam
1242 1325 1307 1366 sui
1346 1323 1632 1368 sufficientem

203 1411 292 1439 non
326 1395 467 1450 habet,
499 1396 581 1437 nisi
616 1395 659 1436 in
693 1395 782 1451 ipsa
817 1393 1007 1436 hominis
1042 1407 1207 1448 natura,
1232 1410 1340 1452 quae
1373 1396 1533 1439 scilicet
1557 1395 1638 1439 ho-

205 1469 367 1510 minem
401 1465 539 1509 valide
574 1465 746 1508 inclinat
779 1464 830 1508 ad
864 1465 1080 1522 privatum
1117 1466 1167 1508 de
1202 1465 1329 1509 rebus
1372 1468 1501 1509 etiam
1547 1480 1637 1510 sta-

203 1538 358 1583 bilibus
393 1538 639 1581 dominium
674 1536 751 1579 sibi
794 1536 1120 1593 acquirendum.
1151 1562 1209 1569 -
1242 1537 1505 1581 Vehementi
1554 1553 1633 1580 na·-

202 1626 323 1656 turae
358 1610 640 1669 propensioni
669 1609 905 1666 generaliter
939 1608 987 1652 ab
1021 1608 1270 1652 hominibus
1319 1624 1406 1652 non
1461 1621 1637 1652 contra-

205 1685 373 1729 dicitur.
408 1683 553 1726 Stante
601 1682 732 1738 igitur
767 1680 865 1724 sorti
906 1680 972 1724 illa
1021 1694 1200 1724 naturae·
1245 1682 1534 1740 propensione
1583 1681 1634 1724 ad

205 1755 398 1801 dominia
432 1755 610 1812 privata,
646 1752 770 1810 plene
803 1753 947 1795 statim
998 1752 1284 1809 intelligimus:
1322 1765 1367 1796 et
1408 1752 1516 1796 clare
1559 1769 1639 1796 ex-

300 2013 358 2058 (1)
387 2013 555 2057 Ineptum
584 2010 674 2045 foret
694 2010 850 2044 obiicere
870 2018 928 2043 aut
948 2009 1117 2043 barbaros
1136 2017 1171 2042 et
1190 2007 1370 2043 silvestres
1388 2007 1557 2042 homines
1576 2016 1640 2042 aut-

205 2074 314 2108 etiam
343 2070 520 2106 nomades
548 2070 718 2116 populos:
748 2068 842 2115 apud
868 2079 932 2103 eos
960 2069 1057 2103 enim
1086 2067 1228 2101 nullum
1256 2067 1402 2113 proprie
1429 2075 1483 2100 est
1515 2066 1634 2101 stabile

203 2132 421 2173 dominium,
434 2142 508 2165 non
526 2131 717 2176 privatum,
729 2140 803 2163 non
820 2128 1066 2163 collectivum.
1078 2128 1112 2162 Si
1125 2136 1250 2161 tamen
1267 2126 1364 2172 apud
1381 2127 1450 2160 hos
1461 2137 1638 2172 agrorum

204 2192 299 2225 inter
325 2190 424 2236 ipsos
451 2190 608 2235 privatos
636 2187 854 2222 divisionem
882 2198 954 2220 non
983 2186 1198 2228 invenimus,
1226 2185 1296 2220 hoc
1336 2184 1467 2220 exinde
1505 2191 1640 2220 ἰιιηίιιηιΔ

205 2252 330 2294 oritur,
358 2249 453 2296 quod
480 2250 503 2284 ii
530 2258 652 2283 ament
680 2260 724 2282 ex
748 2259 823 2282 uno
850 2247 886 2282 in
914 2247 1026 2282 alium
1053 2247 1176 2282 locum
1217 2258 1325 2293 saepe
1361 2247 1643 2294 transmigrare.

204 2310 334 2346 Statim
361 2321 400 2343 ac
426 2307 480 2353 (id
507 2307 604 2354 quod
624 2307 717 2342 solet
744 2308 843 2341 brevi
864 2316 945 2352 post
971 2315 1137 2352 tempore
1164 2306 1396 2352 contingere)
1421 2305 1511 2341 fixas
1537 2313 1642 2341 certo

204 2370 240 2402 in
267 2368 350 2402 loco
378 2368 483 2402 sedes
508 2367 642 2401 habere
670 2375 897 2412 praeoptant,
922 2365 1091 2399 videmus
1115 2364 1279 2412 singulos
1310 2365 1430 2400 mobili
1466 2364 1640 2400 nomadis

203 2427 421 2473 supellectili
457 2427 645 2472 (tentorio,
686 2434 836 2460 venatus
873 2425 1135 2460 instrumentis
1160 2425 1245 2470 etc.)
1273 2425 1470 2472 adiungere
1509 2424 1638 2458 immo-

204 2487 306 2521 bilem
341 2486 599 2532 proprietatem
634 2485 809 2531 agricolae
837 2496 939 2519 suam
971 2484 1141 2520 habentis
1172 2484 1340 2527 domum,
1357 2495 1445 2519 suos
1471 2493 1641 2531 campOS,

174 2535 178 2539 ’
205 2555 311 2580 suurn
339 2544 492 2579 fundum
520 2553 586 2579 ete.
