1737 2802
744 74 1013 130 -248-

1506 0 1514 8 -'
1524 0 1535 18 ζ
1541 0 1593 26 ,ιδςι
1598 0 1666 26 ,Ῥῖ
1724 8 1733 18 ,z

1538 31 1554 53 ῑ.
1563 33 1578 43 -’
1599 22 1638 57 2⁸3.
1644 0 1730 70 Tg&

1712 73 1727 106 -i

163 173 298 231 possit
322 172 480 214 iniusto
503 171 745 228 aggressori
770 168 913 214 inferri
937 169 1161 213 damnum.
1185 169 1282 213 Hoc
1305 168 1481 227 quidem
1503 169 1591 214 iarn
1642 211 1645 215 .

162 243 389 302 probatum
424 255 503 298 est,
539 254 579 286 et
613 241 729 285 facile
763 241 1026 286 conceditur.
1059 242 1240 298 Verum,
1274 252 1472 299 potestne
1507 240 1591 285 hoc

163 314 307 358 inferri
342 314 421 358 tale
453 327 706 373 tantumque
741 314 962 368 damnum,
995 312 1112 372 quod
1150 326 1213 356 est
1246 312 1402 356 ablatio
1451 313 1592 357 vitae?

164 385 442 444 Respondeo,
478 385 595 443 quod
630 398 740 429 certe
775 397 915 443 potest
951 384 1094 428 inferri
1130 397 1247 441 tunc,
1281 399 1416 443 quum
1452 384 1596 442 agitur

166 457 214 500 de
239 458 400 500 iniusto
422 459 528 500 vitae
552 458 676 515 ipsiu-s
700 471 965 515 aggressore:
985 468 1096 499 certe
1121 456 1161 497 in
1185 455 1268 498 hoc
1291 471 1405 513 casn,
1421 453 1592 514 quando

164 529 210 571 ab
244 527 326 572 alio
361 529 515 572 iniuste
551 530 638 586 ipsa
664 530 753 572 vita
786 529 828 570 in
864 527 1096 570 discrimen
1121 526 1361 584 adducitur,
1383 538 1592 585 potestas,

165 615 245 658 qua
277 599 343 643 lex
375 601 574 644 naturalis
609 599 843 658 quemlibet
877 611 1011 642 armat
1046 600 1088 642 in
1114 599 1279 657 proprii
1312 599 1416 642 iuris
1452 597 1593 643 defen-

165 674 348 727 sionem,
385 688 429 716 se
463 688 506 715 se
542 671 760 730 protendit
795 671 845 715 ad
882 672 1018 729 ipsam
1053 671 1199 714 iniusti
1224 671 1489 729 aggressoris
1522 685 1594 714 ne-

167 759 271 787 cem.
307 769 363 776 —
399 744 536 788 Cuius
585 745 643 787 rei
680 743 780 787 haec
829 756 892 787 est
927 744 1050 800 ratio,
1084 744 1181 801 quia
1218 743 1269 802 α)
1303 744 1347 786 in
1395 759 1446 787 eo
1497 757 1594 787 casu

169 817 395 874 proportio
430 829 541 874 certe
575 815 693 860 adest
727 817 836 859 inter
871 815 1050 870 bonum,
1084 816 1203 857 cuius
1248 815 1468 873 possessio
1517 813 1594 859 de-

166 885 366 943 fenditur,
400 899 439 930 et
475 886 697 942 damnum,
732 886 849 948 quod
883 886 999 929 alteri
1034 885 1227 944 infertur,
1261 898 1301 930 et
1338 886 1436 945 quia
1467 884 1520 946 β)
1551 886 1595 930 in

166 973 217 1001 eo
253 974 348 1001 casu
386 957 592 1001 damnum
627 958 745 1001 alteri
780 957 944 1001 illatum
980 973 1066 1001 non
1102 971 1165 1002 est
1201 958 1410 1002 iniustitia
1456 966 1596 1017 neque

165 1030 330 1073 iniuria.
369 1030 505 1083 Quod
539 1029 646 1074 adsit
673 1032 870 1088 primum,
905 1046 1061 1088 nempe
1096 1031 1337 1088 proportio,
1370 1043 1498 1089 patet.
1531 1031 1595 1075 EX

166 1114 343 1159 utraque
378 1102 491 1144 enim
527 1115 644 1159 parte
678 1102 818 1159 agitur
852 1101 902 1144 de
935 1102 1032 1145 vita.
1058 1102 1194 1155 Quod
1228 1101 1338 1146 adsit
1361 1101 1596 1159 secundum,

164 1174 292 1216 ctiam
327 1185 452 1230 patet.
486 1174 588 1217 Non
625 1174 740 1216 enim
776 1172 959 1231 quodvis
995 1173 1202 1217 damnum
1235 1189 1310 1217 seu
1349 1189 1594 1218 nocumen-

164 1258 256 1288 tum
292 1244 407 1288 alteri
444 1244 606 1288 illatum
641 1258 704 1288 est
737 1261 787 1288 ex
822 1257 936 1302 parte
971 1244 1190 1288 inferentis
1232 1246 1440 1289 iniustitia
1472 1257 1514 1289 et
1545 1261 1597 1289 ex

165 1329 280 1374 parte
315 1317 510 1374 patientis
547 1317 712 1370 iniuria,
753 1315 828 1360 sed
875 1315 980 1360 illud
1029 1316 1336 1361 tantummodo
1387 1316 1594 1361 damnum

165 1387 322 1430 illudve
347 1400 680 1440 nocumentum,
701 1387 818 1445 quod
842 1400 904 1430 est
929 1388 1059 1431 laesio
1084 1389 1188 1431 iuris
1213 1387 1334 1432 alieni
1360 1389 1434 1445 (Ι).
1461 1381 1595 1446 Atqui

165 1459 323 1501 occisio
358 1458 504 1501 iniusti
538 1459 648 1502 vitae
673 1460 939 1516 aggressoris
964 1474 1052 1502 non
1076 1472 1138 1502 est
1161 1459 1290 1503 laesio
1315 1460 1421 1503 iuris
1457 1459 1595 1503 alieni,

164 1530 279 1573 Nam
313 1541 424 1572 esset
458 1528 588 1572 laesio
636 1530 741 1572 iuris
775 1527 913 1584 alieni,
948 1531 983 1573 si
1033 1531 1216 1573 iniustus
1254 1545 1484 1588 aggressor
1517 1529 1596 1573 ha-

166 1600 283 1643 beret
316 1601 380 1643 ius
415 1600 465 1643 ad
499 1602 644 1644 vitam.
665 1601 749 1645 S'ed
784 1616 871 1644 non
906 1601 1042 1645 habet:
1073 1601 1235 1645 scilicet
1267 1603 1332 1645 ius
1365 1601 1418 1646 ad
1449 1603 1598 1660 vitam,

165 1687 209 1714 re
243 1671 419 1729 quidem
453 1672 630 1716 absolute
663 1672 945 1728 considerata,
983 1674 1006 1715 i.
1038 1690 1072 1717 e.
1107 1689 1287 1719 seorsum
1320 1673 1373 1718 ab
1404 1673 1596 1718 adiuncto

164 1744 335 1786 iniustae
365 1745 644 1801 aggressionis,
679 1745 794 1801 viget
844 1761 894 1788 ex
937 1757 1115 1803 utraque
1167 1757 1303 1803 parte,
1339 1758 1433 1789 tum
1484 1744 1596 1788 illius

165 1816 284 1858 cuius
318 1816 403 1858 vita
435 1816 672 1872 impetitur,
708 1829 801 1858 tum
836 1815 949 1859 illius
999 1818 1071 1874 qui
1106 1817 1238 1860 vitam
1288 1817 1469 1875 impetit:
1520 1816 1596 1860 sed

166 1902 209 1929 re
243 1887 432 1944 inspecta
466 1887 653 1943 relati-ve,
687 1888 710 1932 i.
743 1904 778 1931 e.
814 1887 1078 1945 dependenter
1110 1888 1161 1931 ab
1195 1887 1386 1932 adiuncto
1423 1888 1596 1932 iniustae

163 1959 447 2013 aggressionis,
482 1973 568 2001 non
601 1959 717 2016 viget
750 1960 832 2002 nisi
865 1976 914 2002 ex
948 1975 1030 2003 una
1064 1972 1196 2018 parte.
1232 1961 1294 2003 Ex
1326 1975 1410 2018 qua
1451 1971 1596 2003 autem

165 2030 309 2086 plrte?
344 2030 404 2073 Ex
438 2043 555 2087 parte
602 2031 858 2074 innocentis:
906 2046 995 2074 non
1037 2044 1148 2074 certe
1197 2043 1397 2092 exparte
1448 2031 1597 2074 iniusti

165 2102 444 2158 aggoessoris,
478 2102 550 2159 qui
586 2117 708 2144 causa
742 2115 803 2145 est
838 2115 878 2145 et
911 2102 1086 2165 quidem
1120 2103 1278 2146 iniusta
1313 2101 1441 2145 huius
1487 2117 1595 2145 con-

164 2170 320 2225 flictuS,
355 2172 396 2214 in
430 2188 518 2231 quo
551 2172 752 2216 alteruter
785 2174 915 2217 vitam
949 2175 1113 2216 amittat
1147 2189 1322 2217 necesse
1357 2186 1421 2216 est
1454 2172 1534 2232 (2).‘

260 2409 307 2453 (1)
333 2408 425 2442 Vide
453 2420 569 2455 super.
607 2410 697 2445 thes.
726 2411 767 2445 II.
796 2422 876 2458 pag.
904 2421 969 2456 41„
1008 2413 1068 2446 ubi
1109 2411 1266 2447 diximus
1307 2412 1350 2448 de
1391 2413 1596 2450 discrimine

164 2466 258 2501 inter
283 2466 371 2501 haec
398 2468 476 2502 tria:
504 2475 747 2511 nocumanlmn,
777 2469 948 2513 damnum,
977 2472 1156 2507 iniurium.

262 2527 310 2571 (2)
338 2526 545 2563 Recolenda
573 2527 627 2562 liic
656 2538 706 2564 est
733 2538 806 2564 tota
833 2529 943 2565 thesis
970 2531 1044 2574 VI.‚
1071 2531 1114 2566 de
1148 2531 1280 2566 iurium
1320 2530 1494 2567 conflictu
1531 2542 1595 2567 seu
