1737 2802
827 144 1096 175 —100—

248 230 376 272 minis
410 243 509 284 erga
540 227 682 270 Deum
717 225 866 269 officiis
902 241 1150 270 sermonem
1176 225 1442 285 habebimus,
1465 227 1517 272 de
1542 230 1670 272 socia-

247 300 352 344 libus
384 314 481 356 erga
516 299 659 341 Deum
695 296 845 341 officiis
880 298 1009 340 acturi
1045 298 1086 340 in
1120 294 1256 356 'capite
1281 300 1491 356 sequenti.

367 384 435 426 24.
470 371 586 413 Haec
619 384 750 427 porro
774 368 976 411 naturalia
998 384 1043 412 ac
1068 370 1229 427 privata
1253 368 1390 413 officia
1413 384 1500 414 non
1528 371 1673 414 omnia

246 454 346 484 sunt
381 443 504 485 unius
538 440 819 498 eiusdemque
843 441 1033 484 rationis,
1058 440 1151 483 Alia
1174 441 1289 484 enim
1315 440 1549 485 immediate
1574 457 1674 485 con-

246 527 485 572 sequuntur
531 514 667 571 ipsam
715 525 909 555 naturam
959 512 1164 565 hominis,
1211 513 1284 570 qui
1334 529 1385 556 ex
1417 528 1470 556 eo
1503 525 1672 556 tantum

248 585 366 643 quod
399 585 559 641 existit,
591 585 690 640 iam,
724 583 837 626 nulla
870 583 949 626 alia
983 582 1087 626 facta
1110 581 1357 641 hypothesi,
1378 584 1432 626 iis
1457 583 1676 627 moraliter

247 656 547 712 adstringitur:
580 655 659 699 tale
693 667 756 698 est
789 671 823 698 e.
858 670 897 712 g.
934 654 1125 698 officium
1160 654 1327 699 colendi
1361 656 1522 713 Deum,
1546 657 1672 714 eique

247 728 402 784 gratias
436 726 601 784 agendi.
654 726 748 769 Alia
781 741 883 768 vero
933 726 975 768 in
1017 738 1168 768 natura
1214 725 1385 769 mediate
1429 725 1676 784 fundantur,

245 798 271 840 i.
306 814 340 842 e.
375 810 542 855 praeter
588 796 748 840 factum
797 796 1026 839 nativitatis
1074 811 1148 839 seu
1183 797 1431 840 existentiae
1479 796 1674 841 hominis

245 882 598 927 praesupponunt
631 881 672 911 et
705 880 1028 926 consequuntur
1062 867 1223 911 sactum
1257 868 1385 927 aliud,
1428 884 1586 927 nempe
1618 869 1674 912 li-

246 940 389 985 beram
429 941 639 984 humanae
677 940 909 983 voluntatis
954 940 1359 984 determinationem
1409 940 1476 985 vel
1510 941 1676 986 divinae

247 1013 404 1056 factum
439 1012 721 1055 revelationis:
757 1011 1006 1055 huiusmodi
1042 1024 1139 1055 sunt
1163 1011 1320 1065 officia,
1357 1014 1500 1056 Deum
1532 1027 1578 1056 ut
1602 1028 1675 1070 par

247 1096 310 1127 est
345 1084 589 1140 invocandi,
623 1085 654 1126 si
689 1085 783 1141 quis
816 1083 919 1127 velit
967 1085 1111 1126 Deum
1155 1084 1198 1126 in
1230 1085 1423 1128 veritatis
1472 1085 1676 1128 testimo-

245 1158 367 1199 nium
402 1158 615 1212 invocare,
648 1157 861 1213 promissa
895 1172 968 1198 seu
1003 1168 1103 1199 vota
1138 1156 1349 1210 servandi,
1380 1158 1414 1199 si
1448 1157 1542 1215 quis
1575 1156 1675 1201 velit

247 1229 343 1271 Deo
376 1244 420 1271 se
453 1244 496 1270 se
527 1229 638 1271 votis
673 1227 957 1285 obstringere,
994 1227 1401 1285 superrationalibus
1427 1229 1676 1273 veritatibus

247 1299 520 1355 adhaerendi,
556 1316 659 1358 quas
693 1301 810 1343 Deus
846 1299 1028 1342 voluerit
1065 1300 1231 1343 homini
1268 1299 1467 1345 revelare.
1511 1301 1676 1344 Prioris

246 1373 413 1429 generis
447 1371 584 1415 officia
619 1371 700 1415 dici
732 1385 913 1429 possunt
938 1372 1188 1427 essentialia,
1214 1385 1425 1430 quatenus
1449 1373 1676 1416 immediate

247 1456 442 1486 conserta
477 1456 575 1486 sunt
611 1459 708 1486 cum
743 1443 834 1500 ipsa
883 1455 1060 1486 natura:
1095 1443 1267 1487 alterius
1316 1457 1459 1487 autem
1507 1445 1677 1502 generis

247 1514 386 1558 officia
419 1515 499 1559 dici
533 1528 696 1573 queunt
728 1515 1010 1570 accidentalia,
1045 1528 1255 1573 quatenus
1279 1517 1479 1560 accidunt
1503 1524 1676 1560 naturae

248 1588 290 1629 in
325 1603 404 1630 suo
429 1603 520 1630 esse
545 1588 629 1630 iarn
653 1588 920 1630 constitutae.
945 1612 1002 1620 —
1026 1588 1142 1630 Haec
1161 1586 1331 1630 alterius
1350 1589 1522 1645 generis
1540 1587 1677 1631 officia

247 1658 371 1701 multi
405 1672 599 1701 auctores
633 1658 844 1716 appellant
879 1659 1141 1716 hypothetica,
1191 1659 1334 1716 priora
1384 1675 1486 1703 vero
1522 1671 1676 1702 vocant

246 1728 448 1772 absoluta.
484 1730 554 1773 Sic
587 1730 698 1772 inter
745 1728 848 1772 alios
897 1729 1112 1786 Taparelli
1148 1728 1221 1786 (Ι),
1269 1730 1340 1788 qui
1383 1729 1504 1783 hanc,
1547 1745 1675 1788 quarn

246 1799 325 1843 sibi
360 1802 577 1858 proponit,
628 1801 939 1858 quaestionem,
977 1815 1207 1858 «quonam
1256 1813 1380 1859 pacto
1423 1801 1528 1845 fides
1570 1802 1676 1845 'Deo

245 1872 445 1915 revelanti
481 1872 561 1915 dici
597 1873 731 1929 possit
765 1871 955 1915 officium
980 1872 1188 1927 naturale,
1210 1889 1230 1912 »
1261 1875 1322 1915 sic
1345 1872 1498 1917 solvit:
1530 1872 1676 1916 «fides

246 1943 343 1985 Deo
377 1931 577 1986 revelanti
613 1943 692 1986 dici
728 1956 869 2001 potest
903 1943 1094 1986 officium
1128 1945 1341 1998 naturale,
1377 1945 1411 1987 si
1438 1960 1526 1987 non
1558 1942 1674 1988 abso·

247 2013 396 2067 lutum,
433 2027 544 2058 certe
577 2016 885 2073 hypotheticnnz,
920 2030 1076 2072 nempe
1126 2017 1353 2074 supposito
1402 2015 1521 2075 quod
1554 2017 1676 2060 Deus

247 2084 458 2143 loquatur.
479 2105 501 2126 »
539 2087 655 2129 Haec
688 2099 831 2129 autem
865 2086 1003 2130 officia
1027 2086 1289 2145 hypotetica‚
1314 2087 1356 2131 id
1381 2087 1500 2146 quod
1524 2087 1677 2132 sedulo

247 2169 310 2199 est
343 2157 786 2215 animadvertendum,
809 2157 1022 2201 verificata
1056 2157 1288 2216 hypothesi
1314 2160 1404 2203 sive
1428 2157 1678 2203 conditione

343 2407 399 2452 (Ι)
432 2405 538 2441 Corso
567 2407 657 2441 elem.
696 2405 731 2440 di
767 2412 838 2442 nat.
877 2406 1007 2450 diruto,
1035 2407 1060 2443 l.
1090 2408 1132 2442 II.
1161 2419 1189 2442 c.
1220 2419 1252 2444 2.
1279 2419 1378 2443 num.
1419 2417 1477 2453 94.
1503 2426 1548 2434 —
1586 2407 1680 2442 Vide

247 2465 461 2500 divisionem
490 2466 618 2499 iurium
647 2477 762 2512 super.
789 2466 957 2501 traditam
984 2465 1076 2501 thes.
1107 2467 1147 2501 II.
1170 2478 1252 2513 pag.
1282 2475 1348 2510 35„
1376 2466 1411 2500 in
1438 2466 1617 2512 congenita
1644 2474 1679 2501 et

246 2524 426 2570 acquisita.
455 2524 545 2558 Huic
572 2525 668 2558 enim
696 2525 827 2559 iurium
854 2524 1026 2560 divisioni
1052 2526 1155 2568 haec,
1180 2536 1293 2572 quam
1319 2524 1508 2568 tradimus,
1536 2524 1682 2560 officio—

243 2593 324 2616 rum
349 2583 495 2628 partitio
522 2583 729 2628 respondet.
