1737 2802
737 134 1000 188 -253-

152 229 292 273 biliter
338 227 656 287 prudenterque
705 227 905 271 exerceri.
946 226 1020 269 Est
1053 241 1183 283 porro
1232 223 1390 282 aliquid
1439 223 1578 268 multo

153 301 292 358 magis
326 298 612 343 irrationabile
645 312 873 356 aperteque
907 297 1117 340 iniustum
1142 296 1235 353 ipsa
1267 295 1438 338 suicidii
1466 296 1579 338 iniu-

151 373 282 429 stitia,
303 389 353 416 ex
371 388 422 416 eo
441 370 560 430 quod
582 370 718 414 homo
743 371 806 427 (ut
832 370 916 412 iam
943 381 1007 412 sat
1029 367 1137 411 clare
1163 367 1575 421 demonstravimus)

153 460 242 489 non
276 456 339 487 est
371 443 570 501 propriae
604 443 714 484 vitae
750 441 973 493 dominus,
999 439 1072 483 sed
1105 438 1414 482 tantummodo
1444 438 1578 482 admi-

153 516 355 558 nistrator
378 529 452 557 seu
477 512 751 571 gubernator3
776 513 810 554 is
836 525 979 554 autem
1004 511 1172 553 muneri
1196 525 1276 553 suo
1307 509 1443 563 deest,
1469 526 1578 568 quo-

152 587 422 644 tiescumque
447 600 536 627 rem
556 583 735 626 alienam
759 599 858 626 suae
879 598 1001 625 curae
1027 582 1306 625 commissam
1329 582 1579 639 impruden-

153 669 216 700 ter
250 672 295 699 ac
328 668 489 699 temere
523 654 712 713 periculo
737 655 934 698 interitus
969 652 1129 697 obiicit.
1154 653 1269 710 Ergo
1299 652 1491 696 duellum
1514 664 1579 696 est

154 740 269 772 actus
302 726 610 780 irrationabilis,
644 725 821 769 naturali
873 725 1123 783 prudentiae
1170 725 1416 782 oppositus,
1451 736 1579 781 atque

153 799 380 842 intrinsece
414 798 613 854 iniustus,
647 798 735 855 ipsa
769 797 930 839 scilicet
963 796 1170 839 iniustitia
1203 794 1387 858 suicidii.
1414 820 1465 826 —-
1489 794 1579 838 Ne-

155 886 237 928 que
270 868 554 913 solummodo
593 881 719 926 turpe
763 884 807 911 ac
857 882 1035 925 pravum
1084 880 1147 910 est
1198 879 1438 924 perpetrare
1483 878 1578 910 actu

155 941 367 997 duellum,
402 941 477 984 sed
509 942 652 995 etiam,
686 953 732 983 ut
766 956 839 998 per
874 956 917 983 se
951 952 1078 998 patet,
1102 938 1206 983 illud
1241 939 1393 983 offerre
1425 939 1491 983 vel
1513 956 1581 984 ac-

155 1026 340 1071 ceptare,
374 1014 462 1055 sive
486 1028 604 1055 mors
628 1025 698 1054 aut
723 1013 865 1070 ipsum
887 1012 1016 1055 etiam
1041 1010 1231 1053 duellum
1256 1023 1406 1068 postea
1430 1027 1579 1069 reapse

154 1097 356 1143 sequatur
379 1085 467 1127 sive
492 1099 592 1127 non.
628 1084 799 1126 Etenim
824 1084 913 1140 ipsa
946 1082 1105 1125 oblatio
1138 1081 1206 1124 vel
1231 1083 1318 1139 ipsa
1343 1082 1578 1139 acceptatio

157 1155 286 1200 duelli
312 1157 394 1198 iam
419 1169 481 1199 est
506 1171 741 1198 consensus
768 1156 808 1197 in
833 1167 975 1197 actum
1002 1152 1232 1197 duellandi.
1267 1154 1464 1197 Iamvero
1503 1172 1524 1194 «
1545 1154 1581 1197 si

154 1242 270 1271 actus
304 1241 367 1271 est
387 1227 596 1285 mortalis,
613 1240 653 1270 et
673 1243 908 1270 cousensus
928 1227 970 1270 in
991 1240 1131 1269 actum
1151 1239 1213 1269 est
1233 1224 1426 1269 mortalis
1461 1226 1533 1282 (1).
1553 1243 1574 1266 »

268 1297 317 1357 β)
351 1298 557 1342 Duellum
593 1312 655 1341 est
690 1311 806 1342 actus
841 1297 1073 1355 impetendi
1110 1299 1270 1354 privata
1316 1299 1572 1341 auctoritate

151 1371 284 1413 vitam
307 1369 480 1413 alterius
504 1371 603 1414 citra
630 1370 898 1413 necessitatem
921 1368 1176 1426 defensionis:
1198 1369 1412 1426 siquidem
1430 1368 1578 1412 adver-

157 1441 308 1498 sarius,
333 1442 405 1499 qui
430 1440 504 1484 tibi
530 1440 653 1484 offert
678 1440 888 1497 duellum,
912 1456 998 1483 non
1024 1439 1432 1497 aggreditur-vitam
1460 1453 1581 1484 tuam

154 1528 293 1571 neque
327 1526 503 1557 tuorum
537 1513 829 1570 integritatem
869 1511 1165 1555 membrorum
1215 1527 1357 1570 neque
1387 1525 1482 1555 tuas
1517 1510 1580 1555 di-

157 1584 297 1638 vitias,
332 1585 406 1628 sed
455 1584 596 1628 solum
639 1597 680 1627 te
718 1596 839 1640 rogat
874 1597 914 1626 et
965 1585 1114 1627 invitat
1148 1583 1197 1626 ad
1249 1599 1455 1642 pugnarn,
1488 1598 1576 1627 non

155 1669 298 1701 tamen
333 1671 373 1701 te
407 1659 629 1701 occisurus
678 1672 817 1714 neque
853 1655 1057 1698 damnum
1092 1657 1134 1698 in
1168 1654 1373 1698 membris
1407 1668 1476 1698 aut
1510 1655 1580 1698 di-

155 1730 270 1773 vitiis
304 1728 379 1771 tibi
415 1728 623 1784 illaturus,
657 1728 690 1770 si
725 1743 810 1770 non
845 1739 1036 1784 acceptes
1069 1726 1148 1783 (2).
1184 1727 1315 1785 Atqui
1349 1739 1467 1770 actus
1501 1727 1583 1769 im-

155 1958 281 1985 nature
308 1960 355 1983 ou
383 1948 416 1983 la
434 1947 483 1983 loi
512 1948 557 1982 du
577 1948 723 1982 combat
743 1946 917 1993 singulicr
935 1946 1075 1991 exige-:it
1096 1945 1253 1992 l'egalitt·
1273 1944 1363 1979 dans
1380 1945 1431 1980 les
1449 1955 1581 1988 armes,

154 2008 224 2043 afin
251 2020 319 2054 que
346 2007 379 2042 la
405 2007 556 2042 victoire
584 2019 629 2041 ne
657 2008 718 2052 put
745 2009 819 2042 etre
845 2006 1019 2042 attribute
1046 2007 1105 2053 qu'
1124 2008 1142 2040 ἐι
1168 2017 1239 2040 une
1257 2005 1472 2051 superioritt':
1498 2016 1584 2050 per-

159 2067 325 2103 sonnelle
352 2067 396 2102 de
425 2066 535 2110 force,
564 2065 742 2101 d'adresse
760 2075 794 2101 et
814 2066 857 2100 de
875 2066 1008 2101 vale-ur.
1029 2067 1084 2101 Au
1103 2067 1283 2100 contraire
1310 2077 1358 2101 on
1377 2077 1414 2101 se
1441 2066 1579 2112 croyait

156 2128 288 2174 permis
315 2127 541 2173 d'employer
566 2126 740 2160 vis-a-vis
767 2125 810 2160 de
837 2137 872 2160 sa
901 2126 1015 2171 partie
1042 2135 1163 2161 tontes
1191 2125 1242 2160 les
1273 2136 1384 2168 ruse5‚
1412 2134 1446 2160 et
1472 2125 1516 2159 de
1544 2135 1582 2160 se

154 2185 297 2220 donner
335 2197 460 2220 contre
498 2185 568 2220 elle
595 2195 678 2220 tous
704 2185 755 2219 les
794 2193 988 2231 avantages
1027 2196 1095 2231 que
1122 2184 1173 2219 les
1212 2184 1281 2219 lois
1307 2183 1351 2218 de
1383 2184 1416 2218 la
1454 2195 1582 2230 guerre

155 2253 374 2291 permettent
400 2253 501 2279 entre
519 2245 613 2279 deux
639 2245 778 2279 armees
804 2245 1004 2280 ennemies.
1022 2258 1040 2277 »
1081 2243 1120 2278 Id
1161 2253 1283 2278 autem
1323 2242 1482 2290 pluribus
1519 2243 1583 2278 ad—

154 2303 270 2338 ductis
297 2303 471 2349 exemplis
496 2315 557 2338 seu
584 2303 686 2338 factis
712 2304 851 2350 probat.

248 2363 305 2408 (1)
334 2363 386 2398 Ita
412 2375 438 2398 s.
466 2362 645 2405 Thomas,
675 2374 800 2409 opusc.
827 2363 870 2397 de
897 2362 1022 2397 decem
1049 2374 1164 2409 praec.

247 2426 302 2473 (2)
328 2427 505 2462 Audiatur
531 2427 636 2463 Card.
665 2426 708 2462 de
734 2429 848 2474 Lugo‚
873 2438 932 2473 op.
959 2437 993 2464 et
1032 2428 1054 2463 l.
1081 2429 1155 2464 εἰμι
1182 2428 1380 2474 «Quando
1419 2428 1512 2462 alius
1548 2437 1583 2463 te

153 2485 198 2520 ad
225 2485 386 2521 duellum
426 2495 612 2532 provocat,
638 2486 666 2520 si
706 2495 912 2532 acceptares
954 2496 988 2522 et
1015 2482 1109 2521 'eum
1149 2487 1185 2522 in
1226 2486 1347 2522 duello
1387 2486 1583 2532 occideres,

155 2544 293 2579 occisio
321 2544 382 2580 illa
409 2555 484 2579 non
511 2553 606 2579 esset
624 2544 785 2579 defensio
815 2554 896 2580 tuae
924 2546 1029 2581 vitae:
1049 2557 1158 2582 nemo
1186 2547 1284 2581 enim
1303 2555 1337 2581 te
1363 2545 1497 2580 invadit
1516 2545 1580 2580 sed

155 2611 260 2650 rogat
286 2604 406 2639 solum
434 2614 467 2640 et
496 2604 622 2638 invitat
649 2604 691 2638 ad
719 2615 894 2651 pugnam,
921 2617 995 2641 uon
1021 2616 1142 2641 tamen
1170 2616 1205 2641 te
1231 2607 1428 2647 occisurus,
1455 2605 1484 2640 si
1510 2616 1585 2639 non
