1737 2802
700 120 967 163 -241-

117 204 389 259 conveniant,
422 201 540 261 quod
574 203 658 245 sint
692 202 912 258 naturalia,
945 201 1034 244 aliis
1067 212 1212 244 tamen
1247 216 1299 244 ex
1333 199 1545 258 capitibus

118 277 232 318 inter
262 289 308 318 se
342 272 559 318 differunt.

151 391 157 399 ,
237 347 307 389 68.
339 346 500 388 Prioris
535 346 650 388 enim
684 346 851 403 generis
886 343 1025 388 debita
1058 356 1157 387 sunt
1191 342 1330 387 officia
1368 343 1546 386 iustitiae

118 433 192 462 seu
226 416 369 461 officia
402 417 591 473 inridiccz‚
625 418 650 462 i.
684 434 719 460 e.
756 415 1059 474 respondentia
1090 431 1194 459 vero
1229 415 1311 458 iuri
1345 415 1389 458 in
1439 430 1546 472 pro-

117 490 483 534 ximoexistenti:
517 488 688 532 alterius
722 502 865 532 autem
899 489 1066 545 generis
1101 487 1238 531 debita
1271 499 1372 530 sunt
1405 485 1547 529 officia

117 562 389 605 humanitalts
422 573 462 603 et
496 561 769 620 beneficentiae
802 576 874 604 seu
926 559 1063 603 officia
1107 568 1210 617 pure
1261 558 1434 602 moralia
1468 557 1546 616 (1).

121 633 213 686 Qui
248 633 403 691 prioris
437 633 604 689 generis
649 631 788 675 officia
821 631 964 687 violat,
1011 632 1044 673 is
1089 630 1206 674 alteri
1241 645 1383 673 veram
1430 630 1547 673 iniu-

121 709 227 748 riam
259 703 383 747 infert
431 716 579 761 estque
630 705 817 756 iniustus,
849 718 888 747 v,
923 718 963 760 g.
1002 704 1073 761 qui
1126 703 1350 760 pecuniam
1385 717 1407 744 a
1440 716 1547 759 pro-

119 777 239 818 ximo
273 774 421 818 aufert:
456 776 527 832 qui
561 788 703 819 autem
736 774 868 818 violat
901 774 1078 817 alterius
1113 774 1281 830 generis
1322 771 1478 828 officia,
1514 772 1548 814 is

122 846 310 905 proximi
357 844 552 904 offensam
602 847 779 890 incurrit
825 858 976 904 estque
1027 845 1290 898 inhumanus,
1325 861 1365 887 V.
1400 859 1440 901 g.
1476 843 1550 900 qui

121 919 296 977 pauperi
331 919 489 977 stipem
524 921 690 976 roganti
726 919 950 976 pecuniam
988 917 1149 960 duriter
1183 928 1311 974 negat
1345 917 1419 972 (2).
1458 914 1550 968 Qui

122 990 277 1047 prioris
301 991 469 1047 generis
504 989 641 1033 officia
663 989 811 1042 violat,
848 990 881 1031 is
916 1004 1046 1032 onere
1070 1000 1239 1031 tenetur
1269 988 1550 1032 restitutionis:

124 1076 211 1104 non
245 1062 367 1117 item,
404 1077 477 1120 per
525 1077 568 1104 se
617 1060 850 1119 loquendo,
885 1061 959 1118 qui
993 1058 1125 1103 violat
1158 1058 1330 1102 alterius
1379 1059 1549 1116 generis

123 1131 262 1176 officia
295 1138 366 1188 (3³.

241 1205 308 1259 69.
344 1204 526 1258 Rursus,
562 1204 717 1260 prioris
743 1203 913 1261 generis
948 1200 1088 1245 officia
1121 1213 1221 1244 sunt
1244 1201 1451 1259 negativa,
1474 1200 1552 1244 alia

119 1291 222 1320 vero
256 1286 356 1318 sunt
387 1274 644 1332 affirmativa
679 1278 751 1330 (4·.
778 1276 874 1318 Hoc
909 1287 1051 1317 autem
1077 1272 1352 1329 discriminis,
1377 1284 1424 1315 ut
1457 1271 1550 1330 plu-

119 1347 235 1391 ribus
268 1345 374 1389 locis
409 1346 493 1388 iam
528 1345 714 1389 diximus
748 1345 827 1405 ι’ς),
861 1344 1088 1389 intercedit
1126 1345 1235 1387 inter
1267 1344 1463 1401 negativa
1512 1356 1553 1386 et

120 1417 388 1470 affirmativa,
429 1417 547 1476 quod
579 1416 648 1460 illa
683 1418 820 1475 magis
859 1433 989 1475 quam
1024 1416 1126 1459 haec
1160 1416 1245 1458 sint
1279 1413 1550 1468 universalia,

121 1489 252 1549 idque
287 1489 511 1548 dupliciter
542 1516 599 1522 —
633 1488 775 1547 quoad
810 1497 1004 1547 tempora,
1039 1488 1138 1546 quia
1181 1499 1337 1544 urgent
1382 1502 1553 1544 semper

121 1575 161 1606 et
194 1561 246 1605 ad
279 1576 450 1620 semper
472 1586 527 1595 —
551 1560 694 1619 quoad
721 1570 929 1619 personas,
963 1561 1061 1618 quia
1094 1558 1284 1617 obligant
1318 1557 1552 1616 quemlibet

122 1647 162 1678 et
194 1634 237 1677 in
271 1633 421 1677 ordine
456 1633 506 1677 ad
540 1632 789 1692 quemlibet.
830 1631 986 1677 «Nulli
1021 1631 1266 1688 hominum,
1289 1631 1346 1674 ait
1369 1645 1402 1674 s.
1429 1629 1554 1674 Tho-

121 1720 212 1748 mas
247 1707 326 1759 (63),
360 1717 423 1748 est
455 1703 719 1762 nocendum,
753 1719 840 1747 non
879 1716 1020 1747 autem
1072 1701 1331 1746 sufficientes
1382 1717 1551 1756 sumus,

121 1788 168 1820 ut
201 1791 313 1820 unus
348 1775 482 1819 homo
518 1775 655 1834 possit
704 1774 904 1818 omnibus
948 1775 1122 1833 servire,
1140 1791 1159 1815 »
1199 1791 1237 1818 v,
1273 1789 1316 1831 g.
1350 1772 1553 1816 omnibus

121 1847 269 1904 egenis
303 1863 353 1890 ex
385 1847 557 1905 propria
591 1847 768 1904 pecunia
802 1847 1017 1904 opitulari.

219 2105 275 2151 (1)
304 2103 362 2140 Cf.
392 2115 482 2150 quae
504 2103 632 2138 dehac
661 2103 868 2138 officiorum
896 2103 1075 2139 divisione
1102 2103 1258 2139 diximus
1296 2114 1402 2150 supra
1429 2102 1556 2138 eadem

124 2163 214 2200 thes.
232 2163 295 2198 111.
323 2173 406 2209 pag.
432 2171 488 2205 45.

217 2222 272 2268 (2)
298 2221 392 2257 Vide
421 2233 512 2268 quae
538 2221 584 2257 de
612 2230 797 2266 conceptu
827 2222 974 2255 iniuriae
1003 2230 1037 2256 et
1064 2220 1206 2269 offensae
1240 2220 1397 2255 diximus
1436 2231 1555 2266 super.

123 2281 217 2317 thes.
240 2281 283 2316 11.
311 2279 425 2316 schol.
452 2292 534 2327 pag.
565 2289 619 2328 39.
646 2292 742 2328 seqq.

221 2341 275 2387 (3)
299 2341 394 2375 Vide
411 2352 528 2387 super.
548 2340 619 2376 loc.
646 2352 741 2375 nunc
783 2342 840 2376 cit.
870 2353 950 2388 pag.
976 2350 1041 2384 40.;
1082 2341 1170 2376 item
1207 2340 1298 2376 thes.
1324 2340 1419 2383 VII„
1456 2350 1557 2386 prae·

126 2401 248 2438 sertim
276 2411 358 2447 pag.
385 2400 443 2446 89.

219 2459 273 2507 (4)
301 2459 356 2496 Cf.
385 2471 504 2506 super.
533 2460 626 2496 thes.
658 2461 718 2496 ΙΙΙ.
747 2473 828 2508 pag.
854 2459 909 2504 46.

218 2521 273 2566 (5)
299 2520 386 2556 Loc.
414 2531 520 2554 nunc.
549 2521 608 2556 cit.
637 2532 718 2567 pag.
745 2530 814 2566 47:
842 2521 928 2555 item
958 2532 1076 2567 super.
1104 2519 1177 2557 vol.
1210 2531 1235 2555 1.
1264 2532 1345 2568 pag.
1375 2520 1452 2567 289.

224 2578 279 2627 (6)
309 2580 455 2616 Comm.
482 2580 518 2614 in
546 2591 599 2626 ep.
627 2579 669 2615 ad
694 2580 802 2615 Rom.
831 2591 906 2625 cap.
932 2579 1028 2615 XIII.
1057 2579 1139 2615 lect.
1167 2590 1198 2615 2.
1390 2625 1411 2661 6

1371 2637 1381 2661 1
