1737 2802
40 200 166 258 adsit,
198 201 487 244 iuramentum
521 211 584 243 est
617 200 965 243 exsecratorium.
1002 198 1070 242 Ad
1104 215 1195 242 rem
1246 200 1466 257 angelicus

43 273 211 316 Doctor
242 271 327 330 (1):
362 291 385 313 «
420 271 588 329 Duplex
631 284 694 314 est
729 271 894 314 iurandi
928 270 1099 314 modus.
1135 272 1259 315 Unus
1293 272 1467 330 quidem

39 351 112 402 per
142 343 363 401 simplicem
395 343 474 386 Dei
504 344 845 386 contestationzmz
879 343 991 385 sicut
1023 357 1122 384 cum
1157 341 1310 399 aliquis
1349 342 1469 398 dicit,

44 416 119 459 Est
151 415 252 458 mihi
285 415 407 458 ‘Deus
441 417 564 472 testis,
597 414 678 471 vel,
715 415 868 458 Coram
917 416 1004 458 Deo
1052 415 1209 472 loquor,
1260 414 1340 471 vel,
1393 416 1469 459 Per

41 487 192 542 Deum,
226 485 344 544 quod
376 485 488 529 idem
524 499 600 543 est,
636 502 680 529 ut
715 486 816 529 dicit
848 502 884 530 s,
917 488 1188 543 Augustinus
1223 485 1309 545 (2).
1343 486 1466 530 Alius

41 556 200 600 modus
233 556 404 600 iurandi
439 570 503 600 est
547 565 618 615 per
665 559 980 601 exsecrationem
1013 556 1104 615 (3),
1154 556 1258 600 dum
1307 557 1467 602 scilicet

41 628 194 687 aliquis
219 645 263 673 se
296 629 361 672 vel
386 628 543 687 aliquid
578 629 627 672 ad
662 645 706 671 se
740 631 956 687 pertinens
991 629 1041 672 ad
1071 645 1255 687 poenam
1292 629 1468 687 obligat,

38 702 122 745 nisi
155 703 209 745 sit
241 717 393 745 verum
428 702 545 759 quod
580 702 789 746 dicitur.»
825 702 1042 745 Notentur
1078 718 1124 745 ea
1157 701 1296 760 verba,
1332 717 1369 745 se
1403 703 1466 746 vel

37 773 199 830 aliquid
219 773 275 816 ad
295 788 332 816 se
358 775 576 830 pertinens.
602 774 772 816 Etenim
797 772 1023 830 aliquando
1047 789 1134 816 non
1170 774 1463 830 nosmetipsos

34 854 220 897 tantum,
254 843 328 887 sed
361 843 464 886 alios
499 844 626 887 etiam
661 843 783 886 nobis
819 859 937 886 caros
972 855 1042 886 aut
1066 859 1130 886 res
1155 855 1323 886 nostras
1360 843 1465 887 obli-

36 930 189 973 gamus
212 931 287 959 seu
312 915 576 959 devovemus
612 917 722 971 Deo,
745 928 791 959 ut
814 917 854 959 in
879 917 929 958 iis
953 931 1033 959 nos
1056 916 1216 974 puniat.
1240 941 1297 948 —
1315 914 1372 974 β)
1394 916 1465 959 Iu-

132 1146 184 1191 (1)
210 1147 298 1182 Loc.
325 1147 382 1183 cit.
410 1146 452 1181 ad
482 1155 534 1190 3¹¹¹.
562 1146 618 1182 Cf.
646 1146 756 1180 etiam
784 1155 850 1181 art.
880 1146 934 1181 6¹¹¹.
961 1147 1051 1181 Item
1092 1145 1137 1180 cf.
1166 1157 1301 1181 comm.
1334 1147 1367 1180 in
1408 1157 1462 1192 ep.

35 1205 81 1241 ad
108 1207 216 1242 Hebr.
243 1217 322 1253 cap.
349 1206 410 1241 VI.
438 1206 518 1242 lect.
551 1217 582 1249 4.
610 1226 654 1232 —
682 1207 771 1241 Sunt
810 1207 871 1252 qui
911 1206 1043 1250 dicant,
1070 1217 1180 1240 omne
1219 1207 1460 1240 iuramentum

34 1277 115 1302 esse
140 1265 378 1302 essentialiter
404 1267 678 1301 exsecratorium.
705 1266 815 1312 Atqui
842 1277 914 1300 non
942 1267 988 1301 ita
1023 1278 1077 1301 res
1117 1277 1153 1300 se
1190 1265 1309 1301 habet.
1350 1266 1462 1301 Aliud

33 1327 132 1362 enim
159 1335 224 1368 est,
251 1326 381 1369 Deum,
409 1326 467 1372 qui
494 1326 681 1360 invocatur
706 1335 742 1360 ut
769 1326 867 1368 testis,
887 1337 964 1360 esse
984 1326 1091 1360 etiam
1113 1325 1278 1360 vindicem
1299 1325 1458 1371 periurii:

31 1386 130 1423 aliud
155 1395 207 1421 est
234 1386 403 1421 invocare
428 1387 548 1421 Deum
577 1385 777 1420 formaliter
802 1397 865 1420 seu
893 1385 1151 1431 reduplicative
1172 1391 1206 1419 ut
1225 1391 1336 1420 testem
1362 1384 1463 1420 simul

34 1453 64 1482 et
88 1452 125 1482 ut
151 1446 291 1481 iudicem
315 1445 554 1493 vindicemque.

128 1507 187 1552 (2)
212 1507 253 1542 L.
286 1517 313 1543 ι.
339 1506 383 1542 de
408 1517 514 1542 serm.
540 1507 650 1541 Doni.
677 1508 712 1541 in
741 1515 877 1545 monte,
905 1518 939 1542 n.
972 1516 1022 1550 17.
1061 1506 1152 1540 Item
1192 1505 1231 1541 cf.
1269 1517 1377 1541 serm.
1405 1506 1460 1541 28.

33 1565 77 1601 de
101 1566 220 1601 verbis
246 1566 425 1612 Apostoli.
440 1565 713 1610 —Exemplum
741 1566 935 1601 iuramenti
961 1556 1211 1600 contestatorii
1231 1565 1343 1600 habes
1362 1566 1457 1612 apud

30 1625 240 1673 Virgilium,
267 1626 419 1661 Aeneid.
445 1626 466 1660 1.
493 1626 573 1661 XII.
600 1639 632 1659 v.
662 1636 753 1668 201.‚
781 1626 816 1660 in
844 1625 978 1661 celebri
1005 1624 1067 1660 illo
1096 1625 1242 1660 foedere
1269 1625 1362 1660 inter
1383 1620 1460 1661 'Ae—

29 1695 137 1722 neam
163 1695 198 1721 et
222 1686 404 1722 Latinum:

218 1791 349 1838 Tango
379 1803 469 1833 aras,
496 1791 709 1839 mediosque
735 1793 852 1838 ignes,
882 1801 916 1828 et
941 1793 1101 1828 Numina
1125 1801 1249 1828 testor:

218 1849 326 1886 Nulla
353 1850 429 1885 dies
455 1862 582 1897 pacem
612 1852 704 1886 hanc
731 1851 844 1894 Italis,
871 1862 938 1886 nec
965 1851 1110 1887 foedera
1137 1862 1294 1898 rumpet.

25 1955 154 1998 Vides,
182 1956 340 1992 similem
367 1968 508 1992 morem
536 1958 579 1992 ad
607 1969 675 1992 nos
700 1958 900 1993 transiisse:
929 1959 1105 2006 siquidem
1145 1970 1213 1994 nos
1251 1959 1362 1994 etiam
1404 1960 1457 1995 iu-

27 2023 148 2051 rantes
174 2015 337 2051 solemus
362 2017 472 2051 sacris
497 2016 668 2052 altaribus
692 2016 749 2051 vel
776 2018 884 2052 sacris
910 2017 1011 2052 libris
1037 2017 1201 2052 dextram
1229 2019 1430 2065 imponere.

119 2075 172 2120 (3)
197 2075 414 2122 Exemplum
441 2076 631 2112 iuramenti
661 2077 892 2112 exsecratorii
921 2087 971 2112 est
1000 2077 1088 2112 illud
1107 2078 1291 2123 Apostoli.
1311 2088 1342 2113 2.
1362 2080 1454 2116 Cor.

35 2142 62 2168 ¹.
90 2141 158 2177 23.:
190 2134 313 2169 Testem
340 2135 450 2170 Deum
474 2136 594 2170 invoco
622 2137 657 2169 in
684 2136 842 2170 animam
861 2147 978 2178 meam,
999 2137 1097 2183 quasi
1118 2136 1226 2178 dicat,
1246 2145 1282 2172 ut
1301 2149 1329 2172 s.
1347 2137 1454 2173 Tho-

26 2202 106 2226 mas
132 2203 172 2227 ea
199 2192 308 2228 Verba
335 2194 497 2240 exponit:
526 2194 663 2241 Obligo
691 2195 850 2229 animam
879 2206 999 2229 meam
1029 2206 1093 2240 pro
1128 2195 1358 2237 testimonio,
1388 2208 1455 2243 pro

26 2262 101 2299 quo
126 2251 242 2298 ipsum
267 2264 404 2289 nomen
431 2254 498 2289 Dei
525 2266 689 2291 assumo.
722 2275 763 2280 —
790 2255 839 2290 Ut
867 2254 1073 2301 exemplum
1101 2255 1196 2290 aliud
1224 2254 1373 2290 afferam
1402 2257 1458 2291 iu-

26 2313 182 2347 ramenti
207 2313 312 2348 huius
336 2314 578 2358 exsecratorii‚
613 2324 752 2350 veteres
792 2315 963 2356 Romani,
1007 2314 1164 2360 lapidem
1204 2315 1452 2361 proficientes,

22 2368 111 2405 haec
136 2370 367 2416 proferebant
393 2373 515 2408 verba:
545 2373 580 2409 Si
621 2374 740 2408 sciens
778 2372 916 2416 fallam,
944 2373 993 2408 ita
1031 2385 1092 2410 me
1131 2374 1327 2420 Diespiter,
1355 2374 1454 2410 salva

22 2429 112 2465 urbe
135 2441 297 2478 arceque,
325 2432 430 2466 bonis
460 2432 590 2474 eiiciat,
618 2441 655 2468 ut
683 2444 752 2479 ego
778 2433 874 2467 hunc
902 2432 1070 2478 lapidem.
1097 2452 1145 2460 —
1164 2433 1349 2481 Frequens
1376 2443 1479 2470 erat*

22 2489 119 2536 &pud
138 2490 313 2536 populum
332 2491 520 2526 Iudaicum
539 2491 595 2526 hic
623 2491 761 2527 iurandi
779 2491 921 2528 modus:
948 2493 1045 2528 Haec
1065 2493 1155 2529 mihi
1176 2492 1282 2529 faciat
1300 2494 1400 2529 Deus
1419 2502 1455 2530 et

23 2547 115 2584 haec
141 2548 230 2584 mihi
259 2550 366 2586 addat
394 2558 461 2587 etc.
