1737 2802
686 129 923 170 —61—

87 221 208 266 debbo
241 237 263 265 a
291 223 365 265 voi
396 222 595 280 rispetto,
629 220 905 275 obbedienza‚
939 235 1086 264 amore
1107 257 1119 275 ,b
1149 220 1252 264 roba
1284 222 1369 264 ecc.
1395 255 1406 278 ‚
1437 222 1510 264 voi

82 302 212 352 potete
244 292 432 336 secondo
465 293 639 349 ragione
673 291 725 335 da
758 308 827 335 me
860 282 1024 349 esigere
1058 291 1135 334 che
1183 308 1233 334 ve
1276 292 1304 335 li
1337 292 1508 338 tributi:

26 364 28 366 ’
87 378 157 407 ma
185 363 224 412 la
256 362 550 420 obbligazione
584 363 626 406 in
659 378 729 406 me
761 378 848 405 non
881 377 1004 405 nasce
1038 362 1103 405 dal
1150 376 1299 406 vostro
1345 363 1508 420 dritto‚

85 419 138 478 ne
170 434 199 477 il
230 447 378 478 vostro
411 433 542 477 dritto
590 433 695 477 dalla
743 435 828 476 mia
876 432 1208 490 obbligazione:
1242 434 1277 476 si
1321 433 1346 475 l’
1365 449 1453 477 uno
1487 450 1508 478 e

83 505 221 548 l’altro
252 520 443 548 nascono
475 504 557 548 allo
591 517 728 548 stesso
761 518 909 562 tempo
953 503 1060 547 dalle
1108 503 1222 561 leggi
1271 504 1311 547 di
1359 504 1510 548 ordine

83 590 232 633 eterno
265 592 286 619 a
318 577 391 619 noi
426 577 744 620 communicate
779 575 886 619 dalla
921 576 1071 633 ragion
1104 589 1250 619 nostra
1273 593 1312 619 ».

205 647 280 703 3.⁰)
313 647 364 690 Et
396 662 494 690 sane
528 647 633 703 iura,
666 647 701 689 si
737 647 951 689 materiam
973 660 1152 704 spectes,
1177 647 1365 689 revocari
1389 662 1508 690 com-

85 718 215 762 mode
249 731 428 776 possunt
459 717 513 761 ad
545 718 610 761 ius
642 719 901 776 proprietatis
943 731 983 760 et
1016 717 1308 762 iurisdictionis
1341 719 1416 775 (1).
1451 743 1509 752 —

85 791 330 848 Utrumque
363 788 445 832 hoc
479 790 543 832 ius
576 805 666 832 non
699 789 869 832 exhibet
901 790 983 831 nisi
1010 789 1320 846 perfectionem
1354 791 1507 848 simpli—

84 877 165 905 cem
198 861 277 920 (2).
311 861 441 918 Atqui
476 876 773 919 quaecumque
807 860 1012 918 perfectio
1037 861 1224 918 simplex
1247 863 1507 912 necessario,

84 932 321 980 formaliter
352 946 392 976 et
425 935 468 975 in
500 949 676 976 summo
709 932 842 990 gradu
876 934 984 975 inest
1018 931 1196 975 bonitati
1228 931 1436 988 infinitae,
1457 949 1509 977 eo

84 1006 178 1062 ipso
211 1003 328 1062 quod
361 1002 524 1046 infinita
555 1016 630 1047 est.
666 1005 781 1061 lzrgo
815 1016 1047 1061 utrumque
1081 1002 1186 1046 illud
1219 1004 1285 1046 ius
1310 1019 1511 1047 necessa-

84 1077 165 1132 rio,
197 1074 432 1118 formaliter
465 1087 506 1117 et
538 1075 581 1117 in
616 1090 795 1117 summo
829 1074 963 1132 gradu
999 1076 1107 1117 inest
1140 1075 1248 1118 Deo,
1297 1076 1430 1132 Atqui
1465 1089 1510 1117 ut

84 1147 182 1190 Deo
199 1147 301 1189 insit
319 1147 361 1189 in
379 1161 554 1188 summo
573 1145 723 1203 gradu,
746 1146 1025 1203 requiruntur
1049 1145 1150 1188 duo:
1169 1170 1225 1179 —
1247 1147 1444 1203 negative,
1465 1159 1512 1189 ut

85 1218 205 1261 Deus
229 1216 333 1260 illud
353 1232 440 1260 non
474 1217 682 1275 receperit
706 1216 754 1260 ab
779 1216 860 1260 alio
884 1218 1143 1275 —positjve‚
1168 1229 1215 1259 ut
1247 1217 1315 1259 alii
1339 1233 1507 1272 omnes,

85 1300 301 1346 quotquot
332 1300 430 1330 sunt
473 1288 545 1345 qui
592 1286 830 1330 illiusmodi
879 1288 945 1330 ius
991 1287 1163 1340 habent,
1213 1288 1418 1345 recipiant
1460 1287 1508 1331 ab

84 1361 193 1418 ipso.
228 1359 274 1404 Si
308 1359 410 1417 quid
442 1374 590 1416 nege5‚
621 1360 706 1402 iam
739 1359 859 1402 Deus
893 1373 982 1402 non
1015 1360 1093 1402 erit
1124 1374 1198 1401 ens
1221 1375 1392 1402 summe
1414 1375 1508 1417 per-

84 1431 263 1486 fectum,
298 1429 373 1474 sed
406 1430 571 1487 concipi
604 1431 764 1487 poterit
798 1445 872 1473 ens
907 1430 949 1472 in
985 1428 1245 1487 perfectione
1279 1445 1355 1473 seu
1379 1428 1508 1474 boni-

84 1514 169 1545 tate
200 1501 496 1558 praestantius.

201 1573 254 1616 Et
285 1588 327 1615 re
361 1572 536 1631 quidem
569 1587 686 1625 vera,
721 1573 841 1615 Deus
875 1585 938 1615 est
971 1572 1137 1615 entium
1171 1573 1370 1615 omnium
1421 1573 1508 1616 sive

84 1644 356 1688 rationalium
389 1644 479 1686 sive
510 1643 821 1687 irrationalium
849 1653 1029 1688 creator:
1050 1644 1085 1686 si
1119 1644 1320 1686 omnium
1345 1657 1507 1687 creator

83 1728 162 1774 est,
194 1716 391 1758 omnium
423 1716 551 1758 etiam
583 1727 646 1758 est
669 1715 876 1758 absolutus
898 1714 1089 1759 dominus
1107 1714 1207 1773 (3):
1236 1716 1270 1758 si
1307 1716 1506 1758 onmium

84 1800 148 1831 est
180 1787 382 1830 dominus
414 1783 651 1840 absolutus,
686 1801 815 1829 nemo
848 1798 991 1844 potest
1024 1787 1067 1830 in
1100 1786 1274 1845 aliquod
1317 1802 1391 1830 ens
1426 1787 1508 1830 ha-

85 1859 182 1902 bere
216 1858 461 1902 dominium
493 1859 586 1902 sive
619 1858 889 1916 proprietatis
932 1859 1021 1901 sive
1067 1857 1393 1915 iurisdictionis,
1426 1858 1509 1901 nisi

84 1947 135 1974 ex
167 1929 386 1973 voluntate
419 1929 618 1986 seulege
651 1930 749 1987 Dei,
782 1930 854 1988 qui
888 1929 968 1973 tale
1001 1931 1040 1974 ei
1089 1930 1336 1973 dominium
1385 1945 1505 1973 corn-

86 2002 379 2057 municaverit.
415 2002 527 2044 Hinc
559 2016 688 2044 nemo
733 2017 832 2044 cum
871 2001 1032 2052 ⁴dicitur
1065 2002 1377 2060 proprietarius
1400 2036 1413 2055 ‚
1447 2003 1509 2045 sic

84 2085 259 2116 vocatur
290 2085 487 2131 respectu
520 2074 619 2125 Dei,
654 2089 784 2117 nemo
819 2090 917 2117 cum
951 2074 1106 2117 dicitur
1139 2086 1279 2117 rector
1312 2090 1386 2117 seu
1421 2089 1508 2132 gu-

85 2145 296 2202 bernator,
328 2145 387 2187 sic
417 2144 653 2203 appellatur
686 2145 1022 2204 independenter
1055 2160 1077 2187 a
1110 2145 1219 2189 Deo.
1249 2171 1300 2176 —
1336 2145 1509 2202 Paucis,

85 2231 215 2259 nemo
248 2228 389 2274 potest
418 2217 510 2259 iura
541 2215 695 2259 habere
725 2232 817 2275 erga
850 2217 1011 2261 Deum.
1036 2216 1082 2260 Si
1105 2217 1221 2259 enim
1244 2232 1339 2274 erga
1362 2217 1507 2260 Deum

181 2411 238 2456 (1)
268 2409 359 2444 Vide
384 2421 502 2456 super.
526 2410 618 2446 thes.
646 2411 690 2446 11.
716 2423 799 2458 pag.
827 2420 880 2455 35.

180 2469 236 2514 (2)
262 2469 354 2504 vide
380 2480 496 2515 super.
524 2469 598 2504 vol.
629 2481 655 2506 1.
684 2469 774 2505 thes.
801 2471 845 2505 II.

177 2530 234 2575 (3)
260 2529 354 2564 Hinc
371 2529 439 2564 soli
457 2530 538 2565 Deo
555 2540 640 2564 curn
658 2531 809 2564 veritate
827 2529 990 2574 dicimus,
1012 2529 1062 2565 :ru
1086 2529 1173 2565 solus
1200 2529 1380 2564 Dominus.
1408 2528 1509 2575 Lege

83 2587 140 2623 De
164 2587 269 2635 Lugo
295 2588 339 2623 de
365 2589 445 2624 iust.
473 2597 506 2624 et
532 2589 608 2624 iure
634 2588 722 2636 disp.
750 2589 794 2624 II.
822 2601 857 2624 n.
883 2599 916 2632 4.
