1737 2802
706 135 972 178 —321—

125 221 352 265 cessariam
388 234 480 262 esse
515 219 790 262 divisionem.
825 216 985 260 Modus
1019 229 1164 259 tamen
1197 213 1309 256 illius
1357 228 1446 256 non
1493 224 1559 255 est

127 291 341 350 complete
374 290 426 333 dr:
459 290 553 333 solo
588 291 679 332 iure
713 302 904 344 naturae,
936 287 1011 330 sed
1045 286 1202 344 pendet
1237 285 1391 328 saltem
1426 300 1556 342 nega-

127 365 212 407 tive
246 379 269 405 a
300 363 390 405 iure
425 361 632 404 humano:
666 376 754 404 non
788 359 929 403 solum
965 361 1064 416 quia
1098 358 1220 400 multi
1259 357 1378 400 modi
1414 358 1558 414 acqui-

127 433 251 478 rendi
284 445 325 476 et
357 431 564 490 perdendi
611 447 657 474 ac
705 429 987 474 transferendi
1037 429 1283 472 dominium
1334 427 1555 471 introduci

133 517 316 563 possunt
349 517 389 547 et
423 503 473 546 de
507 502 617 545 facto
654 503 886 545 introducti
922 514 1022 544 sunt
1057 502 1146 544 iure
1191 517 1307 544 mere
1352 500 1560 551 humano3

134 577 207 620 sed
240 577 368 619 etiam
403 576 501 632 quia
535 576 590 617 illi
625 575 691 618 alii
728 575 846 617 modi
891 573 1137 631 acquirendi
1189 572 1450 627 dominium,
1485 571 1561 628 qui

135 647 334 691 videntur
367 659 540 689 naturae
574 647 664 688 iure
699 645 948 696 introducti,
985 643 1122 687 adbuc
1166 643 1314 686 saltem
1361 643 1562 699 negative

137 718 323 777 pendent
355 735 376 761 a
410 719 500 760 iure
526 717 731 769 humano,
757 730 968 774 quatenus
993 729 1227 774 potuerunt
1254 718 1344 758 iure
1370 716 1562 758 humano

138 790 355 848 impediri,
389 790 497 831 sicut
533 788 585 831 de
620 787 729 831 facto
755 787 1004 845 impeditur,
1027 803 1079 830 ne
1102 787 1290 830 thesauri
1317 787 1564 830 dominium

138 863 382 920 acquiratur
425 861 637 902 inventori
690 862 870 917 privato,
906 873 945 902 et
996 859 1137 916 plures
1187 858 1426 901 redduntur
1477 860 1568 901 iure

140 935 332 976 humano
367 934 587 990 incapaces
622 931 868 989 acquirendi
906 931 1206 974 dominium.»

262 1005 388 1056 Quae
422 1016 468 1045 ut
503 1002 654 1045 clarius
690 1003 997 1059 intelligantur,
1020 1003 1174 1045 iuverit
1208 1001 1309 1044 haec
1335 1017 1465 1058 pauca
1499 1000 1569 1043 ad-

144 1075 260 1119 dere.
294 1074 419 1118 Circa
454 1075 615 1131 privata
648 1074 807 1116 civium
843 1073 1052 1130 dominia,
1086 1075 1282 1130 princeps
1318 1073 1450 1115 civilis
1485 1088 1569 1130 po-

144 1160 226 1190 test
259 1161 304 1189 ac
338 1145 462 1188 debet
497 1145 597 1187 haec
633 1144 719 1188 duo
755 1158 979 1202 praestare:
1016 1146 1223 1187 nimirum
1250 1171 1301 1176 -—
1326 1160 1374 1187 ea
1407 1143 1572 1201 legibus

146 1219 235 1262 suis
269 1219 377 1260 tueri
408 1231 448 1259 et
481 1217 682 1259 adiuvare
715 1241 772 1249 —
805 1215 1040 1273 eademque
1076 1216 1241 1273 legibus
1276 1217 1363 1258 suis
1413 1215 1575 1259 coordi-

148 1305 246 1332 nare
279 1288 330 1331 ad
364 1288 528 1330 bonum
567 1303 815 1330 commune.
1477 1334 1480 1335 ⁷

274 1360 344 1402 1⁰2»
379 1360 527 1401 Potest
551 1375 597 1401 ac
621 1358 744 1401 debet
777 1360 881 1401 tueri
903 1360 1178 1416 proprietatis
1204 1360 1270 1401 ius
1294 1375 1347 1402 ne
1370 1358 1577 1410 laedatur,

150 1430 366 1488 simulque
391 1429 492 1473 illud
527 1430 732 1473 adiuvare
756 1443 801 1472 ut
824 1429 996 1473 liberius
1020 1446 1094 1473 seu
1122 1430 1283 1474 facilius
1314 1443 1578 1473 exerceatur.

149 1503 312 1546 Natura
345 1502 460 1544 enim
490 1501 540 1543 ad
566 1501 648 1544 hoc
683 1502 907 1559 praecipue
937 1502 1123 1544 instituit
1147 1495 1365 1560 politicam
1393 1513 1584 1560 potesta-

151 1587 257 1624 tem,
283 1584 329 1614 ut
352 1571 626 1615 individualia
661 1587 707 1614 ac
731 1571 966 1615 domestica
1000 1574 1158 1614 civium
1194 1574 1284 1615 iura
1311 1574 1436 1623 (inter
1467 1587 1578 1630 quae

154 1644 426 1701 proprietatis
456 1644 521 1685 ius
545 1655 622 1698 est,
647 1656 692 1685 ut
715 1639 921 1699 diximus,
944 1644 1124 1685 omnino
1149 1643 1579 1695 connumerandum)

154 1727 326 1758 tueatur
359 1727 398 1756 et
433 1702 617 1756 adiuvet.
644 1714 689 1757 Si
727 1714 856 1770 igitur
891 1715 1103 1770 privatum
1140 1715 1301 1757 civium
1336 1714 1584 1758 dominium

154 1785 285 1828 violet
321 1798 361 1828 et
395 1786 628 1842 opprimat,
652 1801 723 1827 rex
747 1785 880 1827 civilis
915 1798 1125 1842 potestate
1159 1785 1235 1828 sibi
1262 1802 1284 1828 a
1306 1799 1454 1835 natura
1479 1802 1587 1830 con-

158 1871 274 1899 cessa
307 1857 494 1899 maxime
523 1855 732 1900 abutetur.
753 1882 808 1888 —
828 1857 1038 1914 Apposite
1065 1856 1240 1900 Tullius
1274 1857 1360 1915 (1):
1389 1858 1475 1900 «In
1503 1859 1588 1915 pri-

159 1929 241 1970 mis
264 1927 500 1971 videndum
524 1929 604 1970 erit
637 1928 691 1981 ei,
727 1928 798 1984 qui
835 1927 1143 1984 rempublicam
1179 1928 1507 1985 administrabit,
1542 1941 1590 1971 ut

160 2014 287 2042 suum
322 1999 506 2056 quisque
540 2010 697 2049 teneat,
724 2014 862 2055 neque
897 1998 947 2041 de
971 1998 1094 2041 bonis
1130 2000 1396 2056 privatorum
1424 1999 1591 2057 publice

161 2071 405 2114 deminutio
430 2069 550 2113 fiat.»
583 2071 634 2112 Et
657 2070 784 2127 paulo
810 2069 1003 2112 inferius:
1033 2089 1054 2109 «
1076 2071 1166 2123 Qui
1191 2086 1235 2112 se
1260 2071 1488 2128 populares
1512 2086 1595 2113 vo-

162 2141 270 2196 lunt,
295 2141 349 2184 ob
383 2157 566 2198 eamque
601 2156 772 2183 causam
806 2153 877 2183 aut
921 2142 1130 2197 agrariam
1176 2157 1265 2184 rem
1316 2154 1495 2199 tentant,
1545 2153 1594 2184 ut

162 2227 438 2269 possessores
473 2213 561 2255 suis
596 2211 766 2254 sedibus
803 2211 1024 2269 pellantur,
1057 2225 1128 2255 aut
1163 2214 1365 2270 pecunias
1411 2213 1597 2256 creditas

263 2413 316 2455 (1)
343 2413 399 2448 De
417 2412 558 2450 officiis.
579 2413 621 2447 ΙΙ.
643 2423 696 2447 21.
723 2433 768 2440 —
795 2413 908 2448 Paulo
938 2423 1017 2459 post
1046 2414 1176 2449 subdit:
1208 2415 1343 2449 «Hanc
1371 2415 1417 2448 ob
1454 2425 1598 2449 causam

166 2472 341 2514 maxime,
371 2478 406 2505 ut
441 2483 500 2505 sua
539 2477 696 2515 tenerent,
724 2473 928 2518 respublica
967 2473 1204 2520 civitatesque
1243 2475 1466 2508 constitutae
1505 2483 1601 2508 sunt.

166 2530 261 2565 Nam
289 2532 355 2566 etsi
381 2531 471 2565 duce
500 2541 625 2565 natura
652 2532 967 2577 congregabantur
993 2532 1172 2575 homines,
1201 2543 1323 2568 tamen
1351 2540 1404 2580 sps
1433 2533 1602 2568 custodiae

168 2600 281 2622 rerum
308 2600 462 2632 suarum,
492 2591 633 2624 urbium
662 2590 839 2635 praesidia
867 2592 1111 2637 quaerebant?
1140 2606 1161 2626 »

1467 2650 1507 2675 21
