1737 2802
707 122 972 165 „311-

119 219 172 248 ex
207 203 369 247 iustitia
400 218 492 246 rem
525 203 570 245 in
603 204 835 261 pristinum
869 219 999 247 suum
1043 215 1205 247 statum
1240 203 1555 261 redintegrare,

119 289 260 332 neque
293 273 377 316 hoc
408 271 498 316 fieri
533 286 690 330 potest,
723 275 806 317 nisi
856 282 1101 317 contractus
1150 274 1205 317 sit
1254 272 1555 317 rescindibilis.

119 345 259 388 Porro
293 344 494 402 quamvis
524 344 610 386 sint
657 344 967 398 rescindibiles,
1001 356 1146 388 tamen
1195 357 1295 387 sunt
1327 343 1470 400 validi,
1504 359 1557 387 eo

120 414 240 474 quod
273 429 509 458 consensus
544 414 666 459 adsit:
694 415 799 458 haec
832 429 896 460 est
930 417 1142 459 sententia
1175 417 1388 459 unanimis
1413 415 1557 473 quoad

121 499 366 531 contractus
389 488 615 544 gratuitos,
639 489 847 530 sententia
871 489 1123 531 communior
1145 487 1285 545 quoad
1311 499 1556 531 contractus

119 573 347 602 onerosos.
375 584 428 590 —-
454 559 616 601 Utrum
650 573 753 601 vero
789 571 1036 602 contractus
1070 559 1246 602 onerosi
1281 559 1366 601 sint
1399 560 1558 601 resciu-

120 629 285 686 dibiles,
318 629 491 688 quando
526 642 668 672 metus
702 631 900 673 incussus
934 646 1022 673 non
1057 629 1135 673 fuit
1168 647 1190 674 a
1225 642 1445 687 comparte
1481 629 1555 672 sed

121 717 142 744 a
166 702 297 744 ‘tertia
328 717 525 758 persona,
558 702 625 744 vel
667 717 756 744 non
789 701 840 745 ad
875 702 1224 760 extorquendum
1274 716 1556 758 consensum,

121 783 449 816 controvertunt
484 771 697 815 doctores,

239 843 283 887 Si
316 855 460 886 metus
493 845 549 886 sit
581 844 703 896 levis,
738 857 980 887 contractus
1014 845 1188 901 gratuiti
1222 856 1322 887 sunt
1357 855 1468 886 certe
1493 858 1556 884 re-

118 913 378 967 scindibiles,
412 930 458 957 ac
493 914 751 972 probabilius
787 916 914 958 etiam
948 914 1141 959 invalidi:
1175 926 1420 958 contractus
1453 928 1557 957 vero

119 987 295 1032 onerosi
327 1002 405 1030 nec
437 986 611 1030 invalidi
646 1000 745 1030 sunt
778 1003 855 1030 nec
889 986 1194 1030 rescindibiles.

599 1237 602 1241 ’
632 1217 800 1259 ΤΗΕεῐε
836 1218 1050 1260 XXVIII.

120 1349 160 1390 A
195 1350 366 1390 veritate
401 1348 511 1404 longe
545 1348 756 1405 aberrant,
791 1358 876 1391 tum
927 1350 957 1391 ii
988 1351 1059 1406 qui
1092 1351 1213 1391 aiunt
1260 1350 1390 1406 ipsam
1428 1358 1557 1392 natu-

237 1435 331 1462 ram
364 1420 534 1476 singulis
566 1419 795 1462 hominihus
819 1420 1047 1463 immediate
1081 1421 1285 1464 concedere
1319 1421 1476 1464 actuale
1497 1437 1557 1464 re—

238 1505 334 1532 rum
367 1492 552 1533 omnium
586 1490 830 1543 dominium,
868 1500 954 1533 tum
989 1493 1018 1534 ii
1049 1493 1120 1549 qni
1151 1491 1400 1534 contendunt
1439 1493 1556 1535 inae-

241 1562 416 1619 qualem,
451 1578 552 1619 qnae
589 1565 692 1604 inter
722 1564 911 1619 privatos
954 1565 1076 1620 viget,
1112 1579 1249 1606 rerum
1289 1565 1557 1621 partitionem

239 1647 317 1675 esse
351 1635 542 1674 naturali
573 1634 648 1689 legi
682 1635 947 1676 contrariam.

244 1761 312 1804 88.
348 1762 738 1806 DEMONSTRATIO.
776 1762 877 1804 Illos
914 1763 998 1804 iam
1033 1764 1134 1805 satis
1186 1764 1559 1820 impugnavimus,

122 1833 194 1889 qui
229 1833 465 1875 sententiae
502 1834 909 1876 Communistarum
945 1832 1222 1876 adhaerentes
1257 1833 1449 1876 dominia
1473 1835 1572 1891 priss

120 1918 214 1948 vata
248 1921 428 1963 prorsus
463 1905 708 1961 excludunt,
742 1918 963 1961 tamquam
998 1905 1178 1947 naturali
1213 1904 1295 1962 legi
1331 1906 1557 1948 contraria.

240 1976 327 2022 Alii
362 1990 479 2029 sunt,
517 1978 588 2034 qui
614 1978 775 2034 privata
801 1975 978 2033 quidem
1003 1976 1198 2019 dominia
1222 1992 1308 2019 non
1336 1977 1557 2030 reficiunt,

121 2046 196 2090 sed
230 2060 374 2090 tamen
400 2073 456 2080 —
480 2047 547 2090 vel
581 2063 628 2089 ea
656 2048 785 2089 nimis
820 2060 1093 2103 exaggerant,
1117 2048 1278 2090 aientes
1303 2062 1403 2089 cum
1430 2047 1558 2089 Hob-

119 2115 255 2173 besio,
289 2118 484 2174 singulos
520 2117 720 2160 homines
756 2117 804 2159 ab
840 2118 930 2174 ipsa
964 2129 1112 2160 natura
1145 2117 1395 2160 immediate
1429 2133 1554 2160 acce-

120 2190 233 2246 pisse
267 2191 331 2232 ius
366 2191 408 2232 in
442 2191 605 2243 omnia,
640 2205 739 2232 cum
786 2201 997 2246 potestate
1031 2188 1297 2240 ,excludendi
1333 2201 1499 2232 ceteros
1533 2205 1556 2232 a

122 2261 434 2317 cuiuscumque
469 2263 528 2303 rei
564 2276 663 2315 usu,
699 2286 756 2292 —
791 2260 855 2303 vel
890 2259 1037 2302 eadem
1074 2260 1204 2303 nimis
1239 2272 1472 2316 coarctant,
1495 2259 1554 2302 af-

119 2327 356 2386 firmantes,
390 2331 675 2388 inaequalem,
709 2347 815 2389 quae
855 2332 965 2373 iuter
1014 2331 1204 2389 privatos
1252 2332 1384 2387 viget,
1419 2331 1556 2388 parti-

119 2396 286 2444 tionem
310 2401 528 2444 bonorum
554 2418 647 2445 esse
671 2404 864 2460 iniquam
891 2418 937 2446 ac
959 2402 1141 2460 proinde
1164 2419 1186 2446 e
1210 2403 1357 2446 medio
1377 2418 1557 2461 prorsus

120 2470 371 2516 tollendam.
406 2472 501 2515 Hos
551 2472 786 2515 refellimus
838 2467 891 2515 in'
930 2472 1006 2516 hac
1039 2472 1170 2526 thesi,
1216 2489 1324 2531 quae
1372 2471 1558 2530 proinde

123 2542 227 2586 duas
262 2542 564 2602 complectitur
598 2557 753 2602 partes.
