1737 2802
762 107 998 159 -35-

170 202 276 246 civili
311 214 356 243 ut
390 200 588 257 puniatur
612 198 682 242 ille
715 199 786 256 qui
811 198 1012 240 iniuriam
1047 197 1268 254 irrogavit,
1302 197 1370 240 vel
1394 199 1459 242 ius
1483 214 1603 257 pro—

170 273 357 331 prietatis
392 272 432 313 in
467 270 647 313 domum
690 269 756 312 vel
798 269 1083 312 frumentum.
1117 293 1174 301 —
1206 270 1403 312 Iamvero
1437 271 1605 328 prioris.

170 344 336 401 generis
370 343 459 384 iura
490 354 588 384 sunt
622 341 844 384 necessarii
872 356 945 383 seu
980 340 1210 396 obligatoriz’
1231 341 1434 395 exercitii,
1468 357 1597 386 secus

168 432 212 459 :tc
245 414 414 457 alterius
450 413 617 469 generis
648 413 751 468 iura,
785 426 893 468 quae
928 423 1027 453 sunt
1052 410 1166 454 liberi
1199 412 1400 456 exercitii.
1424 413 1605 458 Rursus

168 487 324 544 prioris
357 485 524 541 generis
559 485 647 526 itu-,1
680 495 778 525 sunt
803 481 1100 525 inalienabilia:
1136 483 1161 524 i.
1188 498 1222 526 e.
1253 498 1406 526 eorum
1430 484 1603 528 iurium.

168 557 407 601 subiectum
431 556 578 612 nequit
601 570 647 596 ea
670 554 806 611 facere
830 554 967 596 aliena
1002 553 1123 610 (haec
1145 554 1261 597 enim
1286 566 1349 596 est
1372 555 1435 598 vis
1458 554 1605 610 verbi„

167 631 362 684 alienare)
396 643 467 670 seu
504 628 547 669 in
581 625 684 668 alios
717 626 1028 678 transmittere,
1064 626 1118 668 ita
1153 638 1198 669 ut
1230 625 1487 670 eorumdem
1520 643 1591 671 su-

166 703 353 745 biectum
387 715 478 742 esse
525 699 697 741 desinat.
745 696 1144 750 Quemadmodum
1193 698 1309 741 enim
1358 699 1594 757 nequimus

169 773 465 829 obligationeS,
489 770 641 828 quibus
664 768 854 826 legitime
888 781 1102 825 tenemur,
1126 768 1379 826 transgredi,
1403 769 1478 813 sed
1511 769 1590 814 de-

168 846 318 889 bemus
346 860 414 887 eas
448 842 641 900 implere3
666 842 720 884 ita
743 840 947 884 debemus
981 856 1149 885 servare
1184 842 1291 897 iura,
1316 857 1424 900 quae
1446 841 1498 886 ad
1522 858 1591 886 eas

168 914 403 973 implendas
448 925 547 956 sunt
580 911 721 955 media
766 912 832 954 vel
882 913 1169 955 instrumenta
1221 913 1472 967 necessaria,
1515 928 1609 957 nec.

168 985 346 1044 proinde
380 999 614 1042 possumus
648 983 940 1040 nosmetipsos
990 983 1040 1024 iis
1090 981 1252 1025 iuribus
1287 982 1470 1040 spoliare
1503 983 1591 1042 (1)

165 1057 352 1100 Alterius
384 1071 488 1098 vero
538 1056 705 1111 generis
753 1055 845 1097 iura
888 1067 988 1096 sunt
1035 1053 1276 1097 alienabilia
1311 1055 1338 1098 i.
1373 1070 1410 1097 e.
1455 1054 1605 1099 aliena.

166 1127 255 1171 fieri
289 1139 462 1185 queunt.
496 1127 564 1170 Sic
597 1141 777 1183 possum
810 1126 853 1168 in
886 1124 1017 1167 alium
1049 1124 1276 1168 transferre
1299 1125 1364 1168 ius
1389 1126 1605 1184 proprie--

167 1200 261 1242 tatis
296 1200 337 1241 in
372 1214 522 1255 agrum
555 1197 621 1240 vel
652 1196 933 1239 frumentum:
968 1196 1085 1253 quod
1120 1197 1155 1238 si
1188 1195 1357 1249 faciam,
1384 1197 1468 1240 iam
1502 1212 1606 1241 non*

167 1286 263 1314 sum
296 1271 398 1313 iuris
433 1269 542 1312 illius
576 1268 830 1321 subiectum,
866 1267 940 1311 sed
974 1280 1122 1311 contra
1155 1269 1364 1311 terminus
1397 1267 1454 1312 fio
1484 1269 1607 1312 iuris.

164 1343 208 1385 in
242 1342 372 1385 altero
405 1342 636 1385 existentis.
672 1341 734 1383 Ex
767 1339 919 1398 quibus
956 1340 1057 1383 satis
1091 1352 1205 1397 patet
1237 1339 1395 1384 divisio
1429 1341 1606 1384 iurimn

165 1415 209 1456 in
241 1412 475 1457 alienahilia
507 1411 575 1455 vel
607 1411 906 1463 inalienahz‘lia,
955 1427 1060 1468 quae
1095 1412 1155 1454 sic
1200 1425 1430 1469 vocantur,
1462 1423 1609 1471 proutv

166 1486 257 1542 ipsa
289 1485 378 1553 Qsa
409 1483 499 1526 fieri
531 1483 664 1527 aliena
697 1495 877 1541 possunt
910 1483 977 1527 vel
1011 1499 1147 1527 secus,

286 1556 465 1598 Dtvtsto
500 1557 574 1599 IV.
610 1554 693 1599 Sed
727 1556 869 1612 ipsum
904 1555 989 1598 iam
1023 1555 1126 1597 iuris
1170 1554 1395 1599 subiectum
1441 1555 1607 1598 consi--

167 1626 380 1687 deremus.
414 1625 663 1670 Subiectum
685 1627 788 1669 iuris
822 1638 886 1669 est
911 1640 1095 1684 persona
1127 1625 1210 1679 illa,
1233 1627 1278 1669 in
1311 1641 1394 1684 qua
1427 1625 1609 1670 residet*

168 1710 355 1756 potestas
398 1697 570 1740 moralis
618 1696 872 1740 inviolabilis
905 1713 979 1740 seu
1030 1697 1110 1740 ius.
1144 1721 1202 1730 —
1236 1697 1452 1741 Consulto
1501 1695 1588 1740 dixi

161 1778 377 1826 personam
399 1784 555 1826 nempe
578 1768 846 1826 hypostasim
872 1785 946 1812 seu
974 1769 1251 1827 suppositum
1276 1768 1481 1812 rationale
1503 1767 1606 1828 (2)..

166 1841 281 1884 Nam
314 1839 552 1883 subiectum
576 1841 679 1883 iuris
703 1854 767 1884 est
789 1857 840 1884 eo
864 1841 959 1899 ipso
982 1842 1192 1884 terminus
1215 1840 1512 1898 obligationis:
1536 1840 1590 1885 ad

169 1927 268 1954 eum
300 1927 471 1968 nempe,
503 1912 546 1954 in
580 1927 667 1970 quo
699 1914 764 1955 ius
799 1913 924 1967 inest,
960 1911 1027 1955 alii
1059 1911 1214 1956 habent
1257 1911 1421 1956 morale
1465 1911 1606 1956 debi--

165 1994 260 2039 turn
292 1998 366 2025 seu
401 1982 603 2027 officium.
637 1984 769 2042 Atqui
803 1983 968 2027 morale
1018 1983 1209 2027 debitum
1258 1999 1332 2027 seu
1384 1982 1605 2042 obligatio

259 2205 316 2249 (ι)
347 2204 533 2249 «Quando
559 2216 607 2239 un
634 2205 743 2240 dritto
771 2207 789 2240 ὲ
816 2212 1021 2240 stromento
1051 2204 1258 2239 necessario
1301 2215 1363 2251 per
1401 2204 1604 2250 comptem:

162 2275 211 2298 un
238 2263 383 2306 dovere,
411 2266 491 2298 sara
516 2264 624 2299 dritto
651 2264 883 2299 inalienabile:
909 2263 1059 2310 giacche
1085 2263 1141 2298 chi
1170 2264 1195 2298 l’
1210 2263 1401 2307 alienasse,
1426 2262 1457 2298 si
1495 2274 1602 2310 por--

161 2323 270 2357 rebbe
297 2323 331 2357 in
357 2324 533 2358 necessita
560 2323 593 2356 di
620 2324 757 2359 violare
784 2324 808 2359 il
835 2324 980 2359 dovere.
997 2337 1015 2356 »
1045 2324 1098 2359 Ita
1133 2322 1329 2370 Taparelli‚
1366 2333 1462 2358 corso
1495 2323 1605 2360 elem..

163 2381 198 2415 di
221 2387 291 2417 nat.
317 2382 435 2417 diriteo
462 2382 485 2416 l.
518 2392 542 2417 1.
571 2394 602 2418 c.
631 2393 661 2427 3.
689 2395 788 2419 num.
819 2383 875 2431 69.

256 2442 312 2487 (2)
340 2442 411 2476 Ena
436 2453 498 2487 per
523 2442 792 2478 subsistentiam
818 2443 1043 2489 completum
1071 2452 1220 2479 vocatur
1243 2443 1466 2490 suppositum.-
1491 2440 1606 2488 quod.

162 2501 193 2534 si
219 2503 443 2547 suppositum
470 2503 608 2537 razione
635 2504 679 2538 sit
699 2503 911 2549 praeditum,
931 2503 1135 2550 appellatur
1154 2510 1315 2551 persona,
1335 2503 1484 2550 eiusque
1503 2501 1607 2538 sub·-

164 2559 324 2594 sistentia
343 2560 470 2595 dicitur
488 2561 743 2608 pxrsonalitas..
