1737 2802
845 167 902 175 —
939 140 1019 185 188
1051 164 1111 173 -—

265 241 517 285 excedentes
550 241 639 283 vim
673 239 816 282 omnis
850 236 1101 294 intellectus,
1124 236 1252 280 etiam
1282 235 1415 279 divini
1437 250 1551 294 nego,
1583 234 1689 292 vim,
1735 232 1737 250 ³

265 330 445 372 eamque
478 312 726 365 naturalem,
760 311 936 354 rationis
970 322 1143 353 nostrae
1175 323 1279 353 conc.
1733 306 1735 309 ’

384 387 536 430 Sermo
571 397 633 428 est
682 384 732 427 de
771 398 946 426 excessu
994 398 1081 426 non
1129 381 1330 438 absoluto,
1380 379 1455 425 sed
1501 379 1690 439 relativo,

264 474 419 516 nempe
463 468 657 514 respectu
708 455 883 507 virium,
932 469 1166 512 earumque
1215 452 1490 510 naturalium,
1533 453 1689 496 mentis

263 545 448 574 nostrae.
482 530 584 573 Dari
619 527 813 586 profecto
848 539 1066 585 nequeunt
1090 526 1286 569 veritates
1321 537 1571 584 superantes
1598 527 1705 574 vim„

266 604 409 648 omnis
443 602 695 647 intellectus:
732 599 948 658 siquidem
981 599 1133 642 veritas
1158 598 1313 642 dicitur
1334 614 1410 657 per
1437 597 1690 642 relationem

265 676 317 720 ad
350 676 628 720 intellectum.
663 673 746 719 Sed
781 673 936 717 dantur
968 674 1185 726 veritates,
1220 670 1367 715 divino
1401 670 1577 730 quidem
1618 671 1689 714 in-

265 749 450 794 tellectui
484 748 868 806 praesentissimae,
902 757 1074 788 nostrae
1108 757 1252 787 autem
1301 745 1436 787 menti
1484 742 1688 787 occultae.

264 823 353 866 Has
388 823 505 865 Deus
540 831 681 878 potest
714 834 787 877 per
821 817 901 861 veli
937 816 1063 874 illius,
1097 832 1183 875 quo
1218 817 1415 874 respectu
1448 816 1586 859 nostri
1610 831 1689 858 oc-

265 894 490 949 cultantur,
525 893 816 936 remotionem
851 889 975 933 nobis
1010 888 1186 932 reddere
1219 901 1356 933 notaS.

384 967 459 1010 IV.
495 966 567 1017 Ea,
602 979 708 1022 quae
743 976 840 1005 sunt
875 977 1001 1020 supra
1050 961 1280 1014 rationem,
1316 957 1405 1003 non
1449 971 1549 1003 sunt
1583 975 1692 1003 con-

262 1040 416 1084 formia
449 1039 617 1082 rationi.
651 1037 785 1095 Atqui
818 1053 878 1090 ea,
923 1051 1030 1093 quae
1078 1050 1167 1077 non
1209 1046 1308 1078 sunt
1341 1033 1580 1078 conformia
1612 1047 1684 1075 ra-

264 1113 387 1165 tioni,
436 1123 535 1154 sunt
584 1122 735 1153 contra
783 1110 1013 1165 rationem,
1064 1124 1109 1151 ac
1143 1106 1324 1166 proinde
1369 1119 1468 1150 sunt
1515 1121 1691 1164 prorsus

264 1183 392 1228 nihil:
428 1182 642 1241 siquidem
678 1197 738 1237 ea,
772 1197 879 1239 quae
922 1181 1074 1224 rationi
1125 1192 1379 1238 repugnant,
1427 1191 1528 1222 sunt
1570 1177 1690 1222 nihil.

265 1258 382 1315 Ergo
416 1272 477 1314 ea,
511 1271 617 1315 quae
651 1267 751 1298 sunt
785 1270 913 1312 supra
946 1255 1174 1311 rationem,
1206 1269 1281 1296 seu
1311 1253 1514 1311 mysteria
1545 1267 1692 1310 reapse

264 1345 352 1373 non
387 1328 552 1372 dantur.

384 1402 489 1445 Dist.
526 1401 625 1443 mai.
659 1400 732 1454 Ea,
768 1415 874 1456 quae
908 1411 1008 1441 sunt
1042 1414 1169 1456 supra
1202 1398 1430 1453 rationem,
1465 1412 1554 1440 non
1592 1409 1692 1440 sunt

265 1471 505 1515 conformia
539 1472 707 1528 rationi,
741 1472 765 1513 i.
800 1486 837 1514 e.
872 1485 960 1513 non
986 1468 1247 1527 colliguntur
1279 1484 1330 1512 ex
1363 1468 1584 1527 principiis
1613 1483 1692 1511 na-

262 1543 384 1587 turali
433 1544 607 1587 rationis
649 1542 812 1586 lumine
862 1542 1049 1599 cognitis
1093 1557 1211 1596 conc„
1255 1542 1280 1585 i.
1327 1557 1361 1585 e.
1411 1553 1693 1599 opponuntur

263 1616 483 1673 principiis
517 1614 696 1658 naturali
728 1615 903 1658 rationis
938 1613 1100 1657 lumine
1134 1613 1318 1671 cognitis
1351 1628 1459 1671 nego.
1493 1637 1551 1646 —
1582 1611 1690 1657 Con-

266 1687 429 1730 tradist.
465 1688 562 1730 min.
600 1686 755 1729 eodem
791 1698 928 1744 pacto,

383 1760 592 1817 Mysteria
639 1771 738 1801 sunt
771 1760 978 1810 veritates,
1013 1757 1214 1800 veritates
1247 1769 1392 1799 autem
1433 1757 1693 1815 ςιιρεννιῑϊὼ-ξ

263 1833 391 1878 nales.
425 1833 540 1877 Cum
574 1833 658 1875 sint
693 1833 900 1885 veritates,
925 1846 1013 1874 non
1037 1843 1221 1888 possunt
1256 1830 1478 1888 principiis
1511 1828 1691 1873 naturali

263 1905 439 1948 rationis
474 1904 634 1947 lumine
668 1904 851 1961 cognitis
887 1901 1180 1945 contradicere
1204 1900 1298 1960 (1):
1323 1916 1462 1958 secus,
1495 1901 1580 1945 iarn
1604 1905 1692 1944 non

263 1990 405 2021 essent
439 1978 653 2021 veritates.
689 1977 804 2022 Cum
839 1991 968 2033 porro
1002 1975 1088 2017 sint
1110 1974 1309 2017 veritates
1333 1972 1693 2032 superrationales,

264 2067 352 2094 non
387 2063 567 2109 possunt
602 2067 623 2093 e
652 2050 872 2107 principiis
898 2047 1077 2091 naturali
1105 2047 1287 2090 rationis
1309 2045 1473 2089 lumine
1506 2042 1693 2103 cognitis

265 2136 381 2167 certo
416 2125 527 2167 erui:
564 2139 701 2177 secus,
735 2123 817 2164 iam
864 2136 950 2164 non
997 2119 1140 2163 forent
1186 2120 1381 2163 veritates
1426 2119 1692 2177 superratio—
1735 2128 1737 2130 ’

265 2195 391 2239 nales.
416 2194 483 2239 Ad
517 2210 607 2238 rem
632 2210 665 2237 s.
689 2193 886 2237 Thomas
911 2191 994 2251 (2).·
1023 2210 1044 2232 «
1065 2192 1181 2245 Quia
1213 2190 1330 2249 quod
1365 2206 1386 2233 a
1420 2204 1592 2232 summa
1622 2206 1694 2233 ve·
1736 2214 1737 2217 =

359 2345 415 2389 (1)
442 2345 584 2378 Veritas
613 2355 631 2376 a
659 2344 738 2378 Deo
766 2343 925 2377 revelata
952 2350 1071 2387 potest
1099 2341 1237 2387 opponi
1264 2340 1580 2387 propositionibus
1601 2340 1694 2391 pigy-
1733 2324 1737 2357 ⁴*

262 2405 326 2440 sice
351 2404 449 2438 certis
476 2404 567 2448 (non
608 2414 692 2437 sane
733 2402 1046 2448 propositionibus
1087 2400 1311 2447 metaphysica
1349 2400 1480 2447 certis):
1516 2399 1697 2448 siquidem
1732 2398 1737 2436 -Ϊ

262 2464 573 2512 propositionibus
600 2462 747 2509 physice
775 2463 880 2497 certis
907 2471 1028 2508 potest
1056 2473 1099 2496 ex
1125 2461 1269 2495 divinae
1295 2459 1585 2506 omnipotentiae
1619 2459 1694 2493 vir-
1735 2447 1737 2451 Α

264 2534 340 2560 tute
367 2524 549 2570 derogari.

361 2585 416 2629 (2)
444 2583 582 2630 Opusc,
609 2582 669 2616 ΙΙΙ.
698 2594 777 2628 cap.
801 2583 845 2617 11.
869 2583 965 2617 Haec
993 2590 1117 2616 autem
1145 2581 1344 2628 subiungit:
1379 2593 1394 2612 a
1413 2579 1560 2615 Ad'hoc
1588 2580 1697 2626 igitur
1734 2571 1737 2610 Ῑ

268 2644 373 2679 debet
400 2643 547 2678 tendere
574 2642 761 2677 christiani
789 2642 1021 2689 disputatoris
1048 2641 1204 2677 intentio
1231 2641 1267 2675 in
1305 2639 1462 2675 articulis
1499 2639 1594 2684 fidei,
1620 2651 1695 2676 non
1732 2630 1737 2663 l
