1737 2802
725 65 991 121 —238-

273 162 429 206 «Ratio
443 172 585 204 autem
605 172 682 217 est,
697 172 742 202 ut
760 160 972 217 sapienter
986 158 1155 202 disserit
1173 156 1224 202 de
1241 157 1367 215 Lugo
1382 161 1457 212 (1),
1471 157 1572 216 quia

146 234 281 277 homo
315 247 402 274 non
436 243 605 274 tenetur
652 243 813 274 tantam
864 245 1009 274 curam
1058 228 1255 273 adhibere
1304 228 1355 272 ad
1401 227 1572 274 vitanda

147 306 300 349 mortis
352 302 539 361 pericula
588 316 628 346 et
678 301 991 360 procurandam
1040 303 1188 359 vitam,
1222 314 1267 345 ut
1304 300 1572 345 difficultates

147 392 301 420 omnes
335 377 491 419 vincat.
528 375 648 419 Sicut
683 376 798 417 enim
833 389 918 417 non
952 386 1121 417 tenetur
1154 373 1307 418 mediis
1349 374 1572 432 exquisitis

147 450 208 492 uti
243 447 293 492 ad
327 464 425 491 eum
459 447 611 500 finem,
637 446 710 490 sed
746 446 972 489 ordinariis
998 458 1038 489 et
1063 446 1382 501 communibus,
1406 447 1462 490 ita
1486 461 1574 490 non

147 533 315 563 tenetur
349 520 596 563 occasiones
632 518 780 576 fugere
813 533 911 561 cum
946 531 1064 561 tanto
1099 517 1340 577 dispendio:
1369 519 1466 576 quia
1487 519 1573 562 iam

147 604 248 636 tunc
283 591 347 634 illa
382 608 468 634 non
504 603 645 634 essent
681 590 818 633 media
855 589 1069 634 ordinaria
1104 603 1144 633 et
1188 589 1338 647 facilia,
1371 589 1446 634 sed
1489 589 1573 634 dif-

145 663 284 718 ficilia,
318 679 473 721 nempe
509 678 737 721 procurare
770 662 901 704 vitam
938 677 1034 704 cum
1070 660 1296 718 dispendio
1321 662 1439 719 gravi
1472 660 1575 705 boni

147 736 301 795 publici
326 735 390 779 vel
414 735 562 779 salutis
587 735 842 777 animarum.
863 751 885 773 »
913 759 968 766 —
989 734 1071 776 Hic
1094 746 1239 776 autem
1263 748 1350 776 non
1375 734 1574 776 omittam

147 808 254 852 hanc
302 808 423 850 aliam
473 824 523 850 ex
571 806 726 850 eodem
779 805 829 848 de
877 806 1005 862 Lugo
1041 804 1105 864 (2)
1143 805 1573 848 animadversionem:

154 879 434 937 «Aliquando
470 877 710 936 periculum
746 878 943 934 provenit
977 893 1028 919 ex
1061 877 1198 920 causis
1234 876 1496 920 naturalibus
1534 887 1576 920 et

147 967 252 995 merc
285 951 533 1003 necessariis,
559 949 787 1008 aliquando
811 964 913 992 vero
938 963 990 992 ex
1025 948 1161 992 causis
1186 948 1333 992 liberis.
1358 948 1407 991 In
1431 948 1575 1006 primo

148 1039 245 1066 casu
281 1021 488 1079 obligatio
523 1034 587 1065 est
621 1022 774 1064 maior.
811 1022 853 1065 Si
889 1038 926 1064 v.
962 1036 1002 1078 g.
1038 1020 1260 1063 inundatio
1293 1019 1486 1064 fluminis
1509 1019 1577 1064 vel

148 1096 294 1147 maris,
330 1107 399 1136 aut
425 1092 670 1136 incendium
695 1092 745 1136 ad
769 1106 809 1136 te
834 1094 1163 1151 appropinquat,
1198 1108 1284 1135 non
1318 1105 1439 1150 potes
1471 1091 1577 1136 illud

147 1178 409 1224 exspectare,
447 1165 522 1208 sed
557 1165 682 1208 debes
717 1165 881 1222 fugere,
915 1180 967 1208 ne
1000 1177 1041 1207 te
1066 1163 1416 1222 comprehendat.
1440 1164 1575 1208 Simi-

146 1237 256 1291 liter,
290 1239 324 1280 si
358 1237 444 1281 fera
477 1237 528 1281 ad
561 1249 602 1280 te
635 1238 767 1288 venit,
805 1238 870 1280 cui
907 1251 994 1279 non
1029 1250 1153 1294 potes
1189 1237 1404 1293 resistere,
1438 1236 1472 1278 si
1516 1234 1576 1278 fa-

150 1324 240 1353 mes
274 1322 314 1352 te
349 1310 505 1367 premit
540 1321 579 1352 et
616 1310 656 1351 in
692 1308 932 1365 periculum
968 1309 1075 1351 vitae
1119 1308 1306 1365 coniicit,
1340 1307 1466 1350 debes
1509 1306 1575 1349 his

150 1382 347 1440 periculis
393 1397 466 1439 per
510 1381 723 1424 ordinaria
757 1380 897 1423 media
931 1396 1155 1424 occurrere
1190 1380 1269 1439 (3³.
1304 1381 1352 1423 In
1385 1378 1575 1422 secundo

149 1466 292 1496 autem
329 1468 424 1495 casu
459 1467 545 1494 non
579 1465 641 1495 est
675 1464 789 1494 tanta
824 1451 1042 1508 obligatio:
1075 1469 1114 1495 V.
1150 1468 1190 1509 g.
1225 1453 1258 1494 si
1284 1452 1364 1494 scis
1389 1450 1575 1509 aliquem

148 1537 190 1568 te
223 1524 271 1568 ad
304 1540 455 1567 necem
505 1539 725 1582 quaerere,
757 1524 791 1565 si
826 1523 975 1580 aliquis
1009 1522 1083 1566 tibi
1119 1525 1262 1580 ignem
1299 1522 1494 1580 applicat,
1530 1534 1577 1565 ut

151 1596 389 1654 comburat,
423 1611 509 1638 non
543 1596 699 1638 teneris
734 1611 905 1653 semper
938 1595 1101 1653 fugere,
1136 1595 1208 1639 sed
1234 1609 1356 1653 potes
1380 1611 1430 1639 ex
1453 1611 1577 1638 causa

148 1669 264 1726 gravi
323 1669 528 1725 patienter
571 1680 759 1710 mortem
805 1667 851 1709 ab
899 1667 981 1710 alio
1015 1666 1174 1710 illatam
1207 1667 1272 1711 vel
1306 1666 1573 1711 inferendam

148 1753 405 1797 exspectare.
440 1741 565 1785 Ratio
600 1738 862 1782 differentiae
896 1739 1003 1782 inter
1038 1752 1273 1798 utrumque
1297 1755 1446 1782 casum
1472 1738 1577 1782 haec

246 1950 302 1994 (1)
327 1950 399 1995 Op.
429 1959 462 1984 et
488 1950 510 1984 l.
539 1951 596 1985 cit.
623 1962 722 1986 num.
754 1960 806 1995 37.

245 2010 300 2055 (2)
325 2009 393 2055 Op.
420 2019 453 2044 et
481 2010 501 2045 1.
530 2011 586 2045 cit.
614 2022 713 2044 num.
744 2021 798 2056 29.

246 2070 299 2114 (3)
329 2070 387 2104 (js.
416 2069 584 2104 eumdem
613 2080 810 2113 auctorem,
839 2081 898 2116 op.
926 2080 959 2106 et
987 2070 1008 2104 l.
1037 2071 1094 2106 cit.
1138 2081 1237 2105 num.
1271 2070 1335 2112 28„
1373 2070 1431 2104 ubi
1459 2069 1577 2111 docet,

153 2139 234 2162 euni
264 2140 410 2173 peccare
446 2137 571 2163 contra
606 2129 870 2175 obligationem
908 2130 1144 2164 conservandi
1173 2130 1295 2172 vitam,
1323 2129 1380 2175 qui
1418 2127 1578 2162 «videns

152 2186 297 2221 leonem
328 2187 501 2222 furiosum
531 2188 573 2223 ad
613 2189 727 2234 ipsum
770 2189 1018 2224 devorandum
1060 2190 1194 2232 venire,
1225 2198 1258 2224 et
1300 2197 1431 2234 potens
1473 2187 1610 2223 facile„

152 2247 328 2283 declinare
357 2258 389 2283 et
417 2248 553 2295 fugere,
578 2249 663 2284 velit
703 2249 905 2284 immobilis
938 2258 1155 2295 exspectare:
1194 2249 1249 2283 vel
1289 2249 1414 2283 videns
1452 2249 1579 2283 incen-

153 2308 251 2342 dium
292 2308 361 2342 iam
401 2309 471 2343 iam
511 2309 554 2343 ad
595 2309 712 2355 ipsum
745 2310 1035 2356 appropinquare
1075 2310 1168 2344 nolit
1207 2309 1290 2343 loco
1334 2308 1488 2351 moveri,
1515 2305 1577 2341 sed

152 2367 339 2402 flamniam
368 2377 585 2414 exspectare.
612 2369 713 2403 Licet
742 2371 837 2403 enim
864 2378 949 2404 tunc
977 2369 1132 2415 positive
1160 2380 1231 2403 non
1261 2380 1298 2403 se
1337 2367 1505 2414 proiiciat
1541 2365 1577 2400 in

153 2428 288 2474 ignem,
314 2428 367 2462 vel
397 2428 492 2463 leoni
520 2440 556 2462 se
584 2429 833 2463 devorandum
863 2429 1022 2472 obiiciat3
1049 2429 1165 2474 ipsum
1194 2437 1315 2462 tamen
1344 2438 1418 2462 non
1451 2425 1577 2472 fugere

152 2496 186 2522 et
211 2486 392 2521 declinare
436 2487 544 2521 modo
587 2488 770 2522 ordinario
812 2497 845 2522 et
884 2487 977 2522 sacili
1019 2497 1177 2522 mortem
1216 2487 1485 2530 advenientem,
1525 2493 1578 2520 est

151 2555 275 2580 contra
302 2546 567 2593 obligationem
595 2558 831 2582 communem
858 2546 981 2581 tuendi
1012 2546 1195 2593 propriam
1223 2547 1347 2581 vitam.
1366 2558 1387 2578 »
