1737 2802
640 126 906 168 -113—

51 208 242 253 vendum
269 220 309 251 et
341 207 606 265 augendum.
629 231 685 240 —
708 206 879 249 Etenim
913 216 1061 248 natura
1095 203 1288 262 quidem,
1324 199 1386 248 u'ti
1422 220 1489 248 ce-

51 291 242 323 terarum
275 279 587 335 virtutum,ita
620 278 810 321 maxime
831 277 997 335 pietatis
1031 277 1074 319 in
1108 277 1252 320 Deum
1272 276 1490 334 parvulos,

55 349 194 394 Tullii
229 350 293 407 (1)
325 348 469 393 verbis
505 350 681 402 utimur,
714 347 838 391 nobis
873 347 988 391 dedit
1022 347 1226 405 igniculos,
1261 359 1386 405 atque
1428 347 1490 389 in-

55 420 164 465 didit
197 422 368 465 semina.
400 421 497 464 Nos
533 432 677 463 autem
725 431 843 463 recto
884 418 1130 462 mediorum
1164 434 1262 471 usu,
1296 434 1370 461 seu
1403 430 1492 462 arte

55 504 96 536 et
128 491 355 547 industria,
374 490 584 535 debemus
620 506 694 534 eos
723 490 868 534 fovere
896 489 1188 547 igniculos,ut
1211 491 1254 532 in
1272 489 1491 532 flammam

56 575 300 622 erumpant,
332 578 379 606 ea
413 563 613 605 excolere
649 563 830 614 semina,
867 575 913 604 ut
948 563 989 604 in
1023 561 1208 618 plantam
1233 560 1492 604 adolescant.

56 635 184 678 Hunc
219 633 467 677 mediorum
500 649 630 677 usum
665 634 699 675 si
736 633 1076 690 neglexerimus,
1110 634 1136 675 ii
1171 633 1495 689 restinguentur

55 705 251 764 igniculi,
286 722 331 749 ea
365 706 529 749 semina
563 706 836 748 morientur:
873 706 1122 763 praesertim
1158 721 1270 758 cum,
1298 703 1492 748 eiusdem

57 790 155 821 sunt
201 778 386 821 auctoris
425 776 568 832 verba,
605 777 646 819 in
682 778 805 820 omni
857 777 1067 834 pravitate
1102 789 1141 819 et
1174 791 1344 819 summa
1392 777 1493 834 opi-

55 849 239 892 nionum
273 849 552 907 perversitate
588 863 831 892 versemur.
880 849 1077 891 Iamvero
1121 847 1259 890 cultus
1291 859 1495 890 externus

53 932 117 964 est
148 921 439 963 necessarium
478 919 677 962 medium
711 919 760 962 ad
795 919 998 977 pietatem
1026 919 1069 961 in
1094 919 1238 962 Deum
1264 917 1495 961 fovendam

53 1004 95 1037 et
128 991 409 1036 excitandam.
441 1017 495 1024 —
521 992 696 1035 Etenim
736 989 1130 1048 quemadmodum,
1171 1008 1190 1030 «
1223 988 1497 1032 connaturale

52 1076 130 1121 est,
163 1076 209 1107 ut
241 1079 273 1108 s,
310 1063 510 1107 Thomas
547 1064 608 1121 (2)
644 1063 718 1116 ait,
753 1062 941 1119 homini,
975 1074 1022 1104 ut
1057 1077 1131 1119 per
1164 1076 1314 1104 sensus
1350 1061 1497 1118 cogni-

51 1137 217 1179 tionem
251 1136 425 1193 accipiat
460 1152 512 1188 »3
560 1136 617 1177 ita
657 1132 935 1177 connaturale
970 1145 1033 1176 est
1068 1133 1124 1186 ei,
1161 1144 1207 1175 ut
1238 1147 1314 1190 per
1345 1147 1497 1176 sensus

56 1209 375 1266 cognitionem·
404 1207 590 1251 habitam
635 1220 674 1250 et
719 1205 1035 1264 dependentem
1092 1205 1192 1248 inde
1225 1203 1495 1248 affectionem

59 1292 281 1324 conservet
314 1292 354 1323 et
387 1291 553 1336 augeat.
589 1279 673 1322 Sed
709 1278 785 1321 hac
821 1278 862 1319 in
897 1293 940 1320 re
975 1276 1232 1321 declaranda
1279 1291 1368 1319 non
1409 1276 1497 1320 im-

58 1349 275 1394 morabor.
325 1350 386 1393 Ut
434 1350 549 1392 enim
600 1362 712 1392 recte
761 1349 819 1392 ait
863 1347 979 1391 idern
1015 1364 1048 1391 s.
1083 1349 1251 1391 Doctor
1284 1348 1360 1405 (3),
1400 1365 1420 1388 «
1453 1362 1497 1389 se

57 1421 259 1465 homines
293 1437 385 1464 esse
418 1435 506 1463 non
542 1421 849 1475 meminerunt,
901 1420 972 1478 qui
1007 1418 1284 1462 sensibilium
1320 1433 1495 1476 reprae—

58 1494 346 1537 sentationem
394 1493 682 1536 necessariam
734 1508 823 1535 non
872 1492 1020 1535 vident
1057 1490 1108 1534 ad
1141 1491 1392 1534 interiorem
1426 1505 1498 1533 co·-

58 1565 299 1623 gnitionem
334 1577 373 1608 et
408 1563 691 1608 affectionem.
715 1564 831 1608 Nam
849 1564 1153 1622 experimento
1174 1574 1362 1621 apparet,
1380 1561 1498 1620 quod

60 1652 136 1695 per
169 1636 412 1695 corporales
446 1649 564 1680 actus
598 1637 739 1679 anima
773 1637 982 1680 excitatur
1016 1635 1068 1679 ad
1105 1635 1289 1692 aliquam
1328 1634 1497 1692 cogita-

60 1709 226 1752 tionem
259 1707 327 1752 vel
359 1707 641 1752 affectionem.
677 1725 697 1748 >³

182 1779 236 1823 ΙΙ.
262 1780 372 1824 Sunt
395 1780 467 1837 qui
493 1778 758 1823 contendunt
782 1778 945 1821 cultum
969 1790 1196 1821 externum
1215 1792 1305 1820 esse
1324 1775 1500 1835 quidem

62 1851 366 1905 necessarium,
400 1850 475 1893 sed
518 1849 825 1893 tantummodo
873 1850 1048 1892 ratione
1088 1849 1227 1891 cultus
1262 1847 1430 1890 interni.
1463 1847 1499 1890 Ii

65 1936 164 1965 sane
198 1934 356 1965 errant:
391 1920 605 1979 siquidem
640 1920 809 1964 debitus
844 1932 906 1964 est
945 1920 1073 1963 etiam
1112 1920 1264 1962 ratione
1295 1919 1371 1962 sni.

165 2202 217 2245 (1)
243 2201 351 2236 Tusc.
380 2211 513 2248 quaest.
540 2201 563 2236 1.
590 2201 650 2237 ΙΙΙ.
677 2201 720 2235 ab
748 2200 825 2234 init.
854 2200 913 2236 Cf.
942 2211 1056 2246 super.
1098 2199 1167 2234 vol.
1211 2199 1235 2233 Ι.
1275 2198 1368 2233 thes.
1405 2197 1499 2232 LVI.

69 2260 183 2298 schol.
210 2261 289 2295 Hoc
316 2261 352 2294 in
381 2260 522 2295 scholio
543 2272 625 2295 cum
646 2271 674 2294 s.
697 2259 843 2294 Thoma
869 2259 1036 2302 diximus,
1058 2259 1211 2294 virtutes
1238 2269 1316 2293 esse
1334 2257 1371 2291 in
1393 2256 1501 2291 nobis

71 2333 90 2356 a
116 2329 240 2355 natura
268 2319 465 2354 secundum
492 2319 731 2366 aptitudinem
775 2328 809 2353 et
848 2318 1134 2360 inchoationem,
1163 2329 1237 2352 non
1278 2325 1398 2352 autern
1437 2327 1498 2350 se-

72 2380 230 2414 cundum
258 2378 531 2426 perfectionem.

163 2439 216 2484 (2)
243 2439 371 2474 Contr.
401 2448 498 2484 gent.
526 2440 548 2474 l.
579 2449 606 2481 3.
634 2450 664 2473 c.
697 2450 771 2486 119.

163 2498 216 2544 (3)
242 2497 329 2532 Ibid.
355 2497 448 2532 Vide
476 2498 583 2533 etiam
611 2508 642 2532 2.
671 2508 700 2532 2.
729 2510 760 2544 q.
789 2498 844 2531 81.
872 2508 902 2532 a.
935 2509 975 2542 1.‚
1003 2510 1033 2544 q.
1063 2498 1120 2540 83.
1149 2510 1179 2531 a.
1214 2507 1264 2532 12.
1293 2494 1350 2531 Cf.
1369 2495 1501 2529 Suarez

72 2568 129 2604 op.
157 2566 191 2592 et
217 2557 237 2593 l.
266 2569 361 2592 nunc
389 2559 459 2602 cit,
485 2557 667 2604 Taparelli
694 2557 717 2592 l.
744 2568 859 2603 nuper
885 2558 945 2592 cit.
972 2568 1071 2593 num.
1100 2568 1179 2593 220.
1357 2604 1377 2638 8
