1737 2802
153 139 306 168 manus
341 124 511 180 iniiciat,
545 124 745 167 iniuriam
781 124 944 182 irroget
988 125 1112 167 uxori
1153 122 1355 182 filiisque,
1388 136 1576 180 quorum

153 195 402 239 naturaliter
433 208 496 239 est
519 207 658 239 rector
690 208 730 239 et
755 197 984 254 provisor?
1016 196 1136 248 item,
1160 207 1318 253 quanta
1351 193 1436 238 dux
1459 208 1578 237 exer-

155 268 279 320 citus,
313 267 385 325 qui
418 266 498 310 sibi
529 283 678 310 necem
713 266 878 321 inferat,
912 268 1065 311 iniuria
1113 265 1279 324 afficiat,
1311 265 1409 309 belli
1453 280 1579 324 prae-

153 339 302 382 sertim
335 352 548 397 tempore,
582 339 813 393 civitatem,
848 340 967 382 cuius
1001 338 1284 382 incolumitati
1333 339 1579 396 prospicere

153 409 352 454 tenetur?

272 487 313 542 γ)
347 483 599 541 Spectemus
633 484 744 526 tertio
778 481 1016 527 naturalem
1050 481 1240 525 hominis
1275 482 1318 524 in
1367 480 1445 524 hac
1494 481 1582 524 vita

154 554 350 612 degentis
386 554 695 599 conditionem.
730 580 786 588 -
821 556 913 598 Hac
946 556 988 598 in
1023 554 1193 598 mortali
1225 555 1311 598 vita
1343 554 1478 598 homo
1513 565 1576 597 est

153 643 302 672 servus
336 628 417 672 Dei
450 627 536 686 (Ι),
560 643 638 671 nec
670 628 752 670 iam
787 640 851 670 est
883 626 977 670 talis
1009 626 1311 671 accidentaliter
1343 641 1418 669 seu
1452 641 1501 669 ex
1525 625 1581 669 li-

153 700 247 745 bera
279 715 375 744 suae
418 700 646 743 voluntatis
678 699 878 755 electione,
910 698 984 742 sed
1017 698 1283 742 essentialiter
1314 713 1388 741 seu
1422 713 1470 741 ex
1502 711 1580 740 na-

154 780 250 815 tura
281 786 370 814 sua.
404 772 502 814 Hoc
535 784 677 814 autem
727 771 986 814 discriminis
1034 769 1259 814 intercedit
1305 770 1413 813 inter
1461 784 1577 827 eum,

153 844 226 902 qui
260 857 410 887 servus
443 855 506 886 est
540 841 864 896 accidentaliter,
889 854 931 885 et
963 857 1079 899 eum,
1102 843 1174 900 qui
1207 841 1302 885 talis
1336 854 1398 884 est
1432 853 1582 884 natura

153 931 244 974 sua,
275 914 394 974 quod
428 931 523 958 cum
560 914 628 958 ille
663 914 828 958 modum
862 926 902 957 et
936 913 1192 957 durationem
1214 913 1392 966 servitii,
1417 926 1463 956 ut
1487 912 1582 970 plu·

153 989 329 1045 rimum,
363 987 646 1031 determinare
685 988 840 1045 possit,
866 986 934 1029 hic
968 1003 989 1030 e
1031 987 1245 1030 contrario
1278 998 1476 1044 nequeat,
1505 985 1581 1029 sed

153 1058 406 1104 huiusmodi
441 1059 740 1102 determinatio
775 1058 825 1102 ad
859 1058 980 1102 illum
1015 1059 1239 1116 pertineat,
1269 1059 1342 1117 qui
1376 1057 1580 1101 dominus

154 1133 245 1175 eius
279 1143 343 1174 est
375 1130 596 1174 absolutus
630 1142 671 1173 et
704 1129 954 1174 essentialis.
993 1131 1078 1174 Iste
1111 1132 1254 1174 nativo
1299 1132 1390 1174 iure
1438 1143 1579 1190 potest

154 1204 215 1246 sic
246 1218 418 1246 servum
454 1202 627 1260 alloqui,
660 1204 818 1246 servias
853 1211 889 1245 et
920 1203 954 1245 si
980 1203 1114 1261 fidelis
1147 1205 1224 1247 eris
1256 1202 1434 1246 debitam
1475 1204 1580 1246 reci-

146 1278 231 1335 pies
263 1275 487 1319 mercedem:
522 1275 583 1318 sic
615 1287 757 1318 autem
792 1273 1010 1318 indefinite
1057 1274 1256 1333 loquens,
1291 1290 1378 1318 non
1422 1275 1460 1318 ei
1510 1291 1581 1319 re-

153 1347 324 1407 linquit,
357 1347 432 1391 sed
467 1346 691 1390 manifeste
724 1346 801 1390 sibi
836 1358 1022 1390 reservat
1056 1360 1315 1405 potestatem
1350 1346 1580 1391 definiendi

154 1418 337 1462 modurn
371 1418 732 1476 durationemque
765 1418 925 1461 servitii
960 1418 1212 1476 praestandi.
1237 1419 1433 1463 Iamvero
1458 1420 1579 1462 Deus

154 1491 239 1534 hoc
271 1503 409 1549 pacto,
443 1490 470 1535 i.
504 1507 539 1534 e.
574 1489 807 1546 indefinite,
842 1504 1199 1548 unumquemque
1233 1490 1457 1535 hominem
1501 1506 1577 1549 per

153 1576 328 1608 naturae
360 1579 515 1606 vocem
549 1562 799 1621 alloquitur,
831 1561 933 1605 dum
969 1578 1068 1605 eum
1103 1562 1186 1605 hoc
1219 1563 1261 1606 in
1295 1562 1462 1606 mundo
1487 1563 1581 1607 col-

153 1636 277 1679 locat,
312 1635 460 1688 Quare
496 1635 745 1678 «transitus
780 1633 828 1677 ab
862 1634 938 1677 hac
969 1634 1056 1677 vita
1087 1633 1138 1677 ad
1171 1635 1302 1677 vitam
1340 1633 1580 1678 feliciorem

154 1707 192 1762 (a
224 1719 334 1750 statu
368 1707 528 1750 servitii
562 1705 612 1749 ad
645 1718 805 1749 statum
840 1705 1157 1765 retributionis)
1190 1721 1279 1749 non
1313 1705 1500 1750 subiacet
1531 1705 1582 1749 li-

155 1778 258 1823 bero
292 1778 466 1822 arbitrio
489 1777 699 1831 hominis,
724 1777 798 1821 sed
832 1778 1030 1835 potestati
1054 1777 1259 1821 divinae»
1299 1778 1379 1836 (2).
1404 1779 1450 1822 Si
1471 1778 1582 1822 vitae

155 1850 283 1894 huius
334 1850 556 1894 servitium
608 1850 738 1893 nimis
771 1848 966 1893 videatur
1016 1849 1175 1893 durum
1225 1848 1582 1908 diuturnumque,

156 1923 295 1980 cogita
329 1921 574 1966 mercedem
600 1922 737 1965 multo
768 1921 1025 1979 ampliorem
1051 1932 1354 1979 aeternamque
1375 1921 1582 1965 futuram.

276 1995 382 2039 Tria
406 1994 523 2051 haec,
547 2010 654 2053 quae
678 1993 913 2050 attulimus,
939 2005 1205 2051 argumenta,
1228 1993 1580 2053 deprompsimus

156 2083 207 2111 ex
239 2066 433 2125 angelico
469 2067 661 2110 Doctore
694 2066 775 2125 (3),
811 2066 932 2109 cuius
967 2080 1019 2108 en
1052 2064 1190 2109 verba:
1231 2066 1470 2124 «Seipsum
1504 2081 1582 2110 oc-

253 2286 306 2332 (1)
334 2285 388 2322 Cf.
416 2297 534 2332 super.
561 2287 632 2323 vol.
664 2299 693 2323 1.
720 2288 810 2324 thes.
838 2289 898 2324 XI.

251 2346 306 2392 (2)
333 2346 386 2382 Ita
413 2357 442 2381 s.
468 2345 642 2391 Thomas,
672 2358 703 2382 2.
731 2357 764 2384 2.
797 2360 828 2394 q.
855 2347 912 2390 64.
939 2359 969 2383 a.
997 2357 1025 2391 ς.
1053 2348 1095 2382 ad
1124 2354 1178 2393 3¹¹¹.

255 2406 310 2451 (3)
337 2407 423 2441 Loc.
450 2417 546 2440 nunc
574 2407 633 2442 cit.
658 2426 706 2433 —
731 2408 828 2442 Haec
853 2409 932 2450 tria,
960 2419 1049 2455 quae
1076 2419 1102 2443 s.
1130 2407 1296 2443 Thomas
1330 2408 1443 2449 affert,
1469 2420 1582 2455 argu-

157 2475 280 2501 menta
307 2465 507 2512 perpendit,
537 2466 684 2509 evolvit,
711 2477 849 2514 suoque
883 2468 994 2502 modo
1035 2469 1207 2515 proponit
1232 2468 1276 2503 de
1302 2469 1418 2515 Lugo,
1445 2479 1505 2514 op.
1545 2477 1580 2505 et

158 2521 227 2558 loc.
255 2523 316 2558 cit.
343 2534 445 2559 num.
473 2532 504 2558 2.
530 2534 627 2571 seqq.
656 2523 713 2559 Cf.
739 2527 948 2573 praesertim
976 2537 1076 2561 num.
1098 2536 1233 2572 17-19.,
1251 2526 1285 2561 in
1314 2527 1441 2573 quibus
1466 2525 1580 2572 expli·

1444 2609 1481 2642 15
