1737 2802
246 201 288 255 γ)
321 196 412 239 Lex
443 196 586 253 itaque
619 195 761 239 divina
793 196 979 254 positiva
1002 194 1237 252 prohibens
1261 193 1564 250 mendacium,

127 283 217 310 non
250 279 313 310 est
345 268 427 309 nisi
460 268 704 325 expressior
738 267 967 311 declaratio
1001 266 1108 324 legis
1143 266 1310 310 divinae
1353 265 1557 309 naturalis

128 339 308 397 eiusque
342 337 627 383 confirmatio.
662 341 723 383 Ex
756 340 880 382 variis
916 339 1159 396 Scripturae
1191 337 1297 382 locis
1340 337 1428 380 duo
1461 349 1558 379 tan-

127 421 221 452 tum
255 410 501 453 innuemus.
543 411 680 454 «Non
715 410 984 453 mentiemini
1008 424 1086 452 nec
1109 408 1290 466 decipie‘
1325 408 1559 465 unusquis-

127 499 211 541 que
241 484 491 540 proximum
515 499 644 525 suum
663 501 685 522 »
722 482 807 541 (1).
833 482 1072 540 Apostolus
1096 482 1152 538 (2)
1177 497 1279 524 vero
1303 481 1373 523 ait:
1411 499 1433 519 «
1452 481 1565 523 Pro--

128 568 221 613 pter
253 554 371 613 quod
414 554 680 612 deponentes
730 554 1003 597 mendacium
1054 553 1285 611 loquimini
1333 553 1558 596 veritatem

129 627 424 685 unusquisque
459 642 558 669 cum
593 627 795 685 proximo
829 641 924 679 suo,
950 626 1157 683 quoniam
1187 639 1340 667 sumus
1373 625 1562 667 invicem

129 698 336 742 membra.
359 715 379 737 >>

248 767 286 823 δ)
321 770 410 813 Etsi
445 768 720 812 mendacium
755 770 1012 826 sit-semper
1047 768 1157 811 actio
1192 767 1244 811 de
1277 783 1321 810 se
1355 765 1479 823 mala,
1502 765 1561 809 le-

127 841 282 898 gisque
315 840 517 884 naturalis
562 839 754 897 violatio,
790 855 879 882 non
922 852 1063 882 tamen
1099 851 1162 882 est
1207 854 1379 896 semper
1419 839 1566 894 gravis

119 911 403 956 inordinatio.
439 911 718 955 Mendacium
750 912 1024 968 perniciosum
1068 923 1131 953 est
1178 910 1270 952 leve
1316 909 1383 953 vel
1431 924 1560 966 grave

129 999 207 1041 pro
241 985 407 1026 ratione
441 982 587 1025 damni
621 998 696 1025 seu
732 983 927 1034 iniuriae,
962 997 1072 1039 quae
1105 997 1180 1039 per
1212 981 1315 1024 illud
1364 979 1563 1023 infertur.

129 1054 407 1098 Mendacium
430 1069 532 1097 vero
567 1054 786 1111 officiosum
819 1066 859 1096 et
894 1052 1167 1096 mendacium
1201 1053 1374 1095 iocosum
1408 1067 1482 1109 per
1514 1067 1561 1094 se

130 1141 219 1168 non
254 1125 470 1169 excedunt
504 1138 727 1182 peccatum
761 1124 865 1167 leve.
923 1124 1061 1166 «Duo
1095 1136 1208 1177 sunt,
1241 1123 1297 1165 ait
1330 1139 1362 1166 s.
1396 1124 1558 1179 Augu-

130 1197 267 1239 stinus
300 1196 386 1254 (3),
421 1211 578 1253 genera
612 1195 958 1251 mendaciorum,
993 1196 1034 1236 in
1069 1193 1223 1251 quibus
1271 1209 1360 1237 non
1408 1208 1565 1250 magna

130 1267 253 1325 culpa
286 1281 365 1324 est,
399 1267 474 1310 sed
506 1280 650 1310 tamen
684 1282 774 1309 non
809 1279 909 1309 sunt
944 1267 1036 1309 sine
1070 1265 1208 1323 culpa,
1245 1280 1344 1308 cum
1378 1277 1448 1307 aut
1495 1265 1566 1307 io-

128 1353 292 1394 camur,
327 1351 399 1382 aut
434 1351 478 1381 ut
512 1340 714 1396 proximo
749 1339 971 1395 prosimus
1007 1337 1300 1380 mentimur.»

244 1417 274 1458 ε)
307 1410 551 1464 Mendacio,
578 1410 629 1453 de
663 1426 750 1468 quo
786 1410 989 1452 hactenus
1025 1408 1228 1461 diximus,
1253 1407 1387 1450 affinis
1423 1419 1486 1449 est
1508 1409 1561 1450 si-

126 1483 308 1526 mulatio.
334 1483 399 1525 De
432 1482 707 1525 simulatione
740 1483 797 1524 ita
820 1497 854 1524 s.
883 1480 1082 1524 Thomas
1106 1478 1191 1538 (4):
1225 1496 1245 1520 α
1264 1477 1331 1522 Ad
1355 1479 1560 1521 virtutem

128 1725 245 1767 dacio,
271 1723 304 1757 id
332 1732 396 1764 est,
424 1722 610 1757 locutione
636 1730 763 1755 contra
791 1729 965 1764 mentem,
992 1721 1034 1754 ab
1063 1731 1106 1754 eo
1145 1727 1330 1764 separetur
1367 1717 1522 1752 malitia.
1541 1729 1566 1750 >›

126 1784 267 1818 Alludit
293 1783 481 1818 Suaresius
507 1782 549 1815 ad
579 1790 683 1826 caput
708 1780 882 1815 xxvilm.
919 1779 1118 1821 Geneseos,
1145 1778 1206 1812 ubi
1248 1778 1357 1812 Iacob
1399 1777 1487 1811 dixit
1527 1787 1565 1810 se

128 1855 204 1878 esse
230 1844 322 1878 Esau
350 1852 384 1877 et
403 1842 451 1875 sic
473 1841 555 1875 loco
575 1841 668 1875 Esau
688 1840 985 1874 benedictionem
1005 1838 1158 1884 adeptus
1185 1847 1250 1872 est.
1270 1857 1310 1863 -
1325 1838 1409 1872 Non
1427 1837 1557 1871 desunt

127 1913 305 1945 auctores,
331 1902 388 1948 qui
417 1901 537 1935 dicant
564 1900 670 1934 Iacob
699 1900 894 1933 mentitum
922 1896 1040 1932 fuisse:
1067 1909 1152 1932 eum
1178 1907 1300 1932 tamen
1341 1905 1516 1931 excusant
1543 1907 1563 1929 a

127 1970 278 2007 peccato
299 1960 461 2006 formali,
488 1970 570 1993 cum
598 1959 684 1992 bona
703 1957 775 2002 fide
802 1957 926 2004 egerit.

220 2020 278 2066 (1)
306 2020 391 2055 LeV.
418 2018 518 2054 XIX.
549 2028 599 2053 11.

167 2107 171 2110 .
223 2081 277 2127 (2)
303 2079 434 2125 Ephes.
463 2079 524 2113 IV.
552 2088 607 2122 25.
627 2078 777 2112 —Nota
806 2078 997 2120 rationem,
1020 2087 1110 2122 quae
1137 2076 1292 2119 additur,
1314 2076 1475 2122 quoniam
1501 2085 1560 2109 szc-

128 2151 200 2174 mus
226 2140 372 2174 invicem
398 2139 563 2173 membra.
591 2149 613 2170 «
630 2138 804 2179 Membra,
831 2137 879 2171 ait
918 2149 945 2171 s.
975 2137 1141 2172 Thomas
1168 2137 1204 2170 in
1231 2146 1368 2170 comm.
1397 2136 1432 2170 in
1461 2135 1496 2168 h.
1528 2135 1566 2178 l.,

129 2209 167 2233 se
192 2198 349 2232 invicem
376 2197 543 2244 diligunt,
572 2206 605 2232 et
632 2208 669 2231 se
697 2197 820 2231 iuvant
848 2204 976 2231 mutuo
1004 2196 1039 2230 in
1066 2196 1227 2231 veritate.
1249 2207 1271 2229 »

224 2257 281 2303 (3)
309 2257 432 2292 Enarr.
462 2257 498 2291 in
526 2268 578 2302 ps.
604 2256 649 2291 V.

231 2316 288 2361 (4)
318 2316 357 2350 In
385 2325 414 2349 2.
436 2326 467 2350 2.
497 2327 529 2362 q.
561 2325 631 2349 111.
651 2326 682 2349 a.
705 2326 733 2349 x.
757 2315 852 2359 Lege
880 2325 973 2360 resp.
993 2313 1037 2348 ad
1058 2320 1125 2357 3¹¹‘.:
1157 2313 1289 2348 «Sicut
1307 2312 1437 2359 aliquis
1455 2313 1567 2346 verbo

129 2376 313 2416 mentitur,
341 2374 486 2421 quando
513 2373 694 2420 significat
722 2374 818 2420 quod
848 2385 923 2409 non
952 2382 1016 2416 est,
1044 2384 1119 2407 non
1147 2382 1268 2408 autem
1296 2372 1441 2419 quando
1469 2380 1568 2406 tacet

130 2432 227 2480 quod
254 2442 320 2476 est,
347 2432 443 2479 quod
471 2432 666 2479 aliquando
695 2432 792 2475 licet;
822 2433 870 2467 ita
891 2431 1001 2467 etiam
1029 2431 1214 2466 simulatio
1243 2441 1308 2477 est,
1327 2431 1470 2478 quando
1505 2431 1568 2465 ali-

129 2492 207 2538 quis
231 2503 294 2538 per
319 2492 498 2525 exteriora
525 2492 628 2537 signa
657 2490 835 2525 factorum
861 2490 919 2525 vel
946 2502 1069 2526 rerum
1096 2490 1274 2537 significat
1302 2490 1438 2536 aliquid
1471 2489 1568 2536 quod

130 2561 205 2585 non
231 2559 296 2594 est,
321 2562 396 2586 non
424 2559 545 2585 autem
572 2550 601 2585 si
628 2550 755 2597 aliquis
782 2551 1047 2596 praetermittat
1073 2549 1285 2597 significare
1320 2550 1416 2596 quod
1461 2559 1526 2584 est.
1544 2563 1563 2581 »
