1737 2802
804 115 1069 171 —193-

769 342 938 386 Tues1s
972 341 1094 385 XVI.

226 475 455 520 Utilissima
487 489 642 533 quoqne
676 482 731 518 est
766 474 1020 532 maximeque
1053 474 1292 517 conveniens
1337 487 1479 515 earum
1524 486 1649 515 reve-

338 547 437 590 latio
472 548 714 599 veritatum,
752 560 855 604 qnae
888 545 1233 603 superrationales
1264 552 1357 587 sunt
1379 545 1648 603 mysteriaque
1700 566 1702 568 ·

340 620 546 664 dicuntur.

343 728 410 770 50.
445 714 834 756 DeitoxsTRA'rto.
870 713 930 756 Ut
967 711 1100 755 modo
1145 711 1409 766 dicebamus,
1444 726 1651 769 superra-

219 785 445 830 tionalium
480 786 710 828 veritatum
745 800 819 827 seu
855 786 1168 842 mysteriorum
1202 783 1406 828 revelatio
1449 795 1514 826 est
1560 782 1645 825 ho-

221 857 406 901 minibus
430 859 655 901 necessaria
679 858 720 899 in
745 856 977 915 hypothesi
1006 857 1257 901 elevationis
1281 856 1459 900 humani
1477 855 1650 913 generis

219 930 270 974 ad
303 929 435 973 finem
470 928 855 987 supernaturalem.
892 930 1073 987 Semper
1104 942 1249 972 autem
1283 941 1346 971 est
1380 929 1494 972 utilis
1525 926 1648 971 valde

219 1014 345 1059 atque
379 1003 572 1059 apprime
607 1003 860 1045 ron-veniens.
893 1002 1114 1054 Quantam
1148 1015 1281 1059 porro
1315 999 1517 1044 revelatio
1551 1014 1647 1057 my-

219 1075 451 1117 steriorum
478 1074 825 1117 convenientiam
849 1073 1011 1127 habeat,
1041 1086 1332 1132 quantamque
1355 1071 1480 1116 nobis
1504 1071 1649 1116 afferat

221 1147 461 1200 utilitatem,
510 1162 540 1190 s.
578 1146 795 1198 Thomas,
847 1145 871 1189 l.
906 1161 1018 1203 saep.
1065 1147 1132 1189 cit.
1183 1161 1270 1203 cap.
1305 1149 1379 1202 V.‚
1423 1143 1648 1202 praeclaris

219 1219 335 1262 hisce
369 1218 559 1262 ostendit
592 1219 874 1276 argumentis,

341 1310 363 1331 «
383 1291 455 1334 Est
480 1291 768 1334 necessarium
791 1289 1042 1334 huiusmodi
1061 1291 1283 1334 veritatem
1309 1290 1359 1333 ad
1383 1288 1645 1334 credendum

218 1361 469 1405 hominibus
506 1362 705 1419 proponi,
737 1361 788 1405 ad
822 1362 902 1405 Dei
936 1363 1231 1419 cognitionem
1265 1362 1460 1405 veriorem
1484 1360 1646 1405 haben-

218 1434 330 1478 dam.
367 1435 495 1478 Tunc
525 1434 638 1477 enim
665 1434 807 1477 solum
832 1449 930 1478 vere
954 1435 1099 1477 Deum
1125 1435 1447 1491 cognoscimus,
1471 1431 1645 1491 quando

215 1508 359 1564 ipsum
394 1523 486 1550 esse
521 1506 737 1550 credimus
772 1523 899 1564 supra
935 1523 1066 1550 omne
1101 1508 1160 1560 id,
1197 1506 1314 1565 quod
1349 1507 1400 1550 de
1434 1507 1531 1550 Deo
1567 1521 1644 1548 co-

215 1580 337 1636 gitari
371 1578 420 1622 ab
455 1580 634 1623 homine
668 1578 870 1636 possibile
904 1592 984 1635 est,
1017 1595 1069 1622 eo
1113 1579 1230 1637 quod
1272 1578 1509 1622 naturalem
1557 1577 1646 1620 ho-

215 1652 343 1694 minis
393 1653 690 1709 cognitionem
736 1653 880 1695 divina
929 1651 1162 1695 substantia
1207 1651 1385 1708 excedit,
1420 1665 1465 1695 ut
1517 1665 1643 1708 supra

217 1736 443 1767 ostensum
492 1737 566 1767 est.
618 1725 700 1767 Per
749 1724 831 1766 hoc
881 1739 1012 1780 ergo,
1065 1723 1182 1781 quod
1233 1723 1400 1766 homini
1449 1722 1500 1766 de
1546 1723 1646 1765 Deo

217 1796 355 1854 aliqua
389 1810 706 1854 proponuntur,
741 1812 848 1854 quae
882 1797 1092 1839 rationem
1123 1795 1351 1853 excedunt,
1383 1794 1577 1849 firmatur
1601 1794 1643 1837 in

217 1867 395 1910 homine
442 1868 607 1925 opinio,
641 1867 757 1926 quod
807 1868 928 1911 Deus
962 1869 1015 1910 sit
1063 1866 1224 1925 aliquid
1257 1882 1386 1925 supra
1433 1866 1491 1920 id,
1525 1865 1643 1925 quod

219 1940 398 1997 cogitari
433 1952 588 1997 potest.

336 2009 429 2053 Alia
462 2011 590 2053 etiam
625 2010 781 2054 utilitas
816 2009 913 2053 inde
954 2010 1166 2068 provenit,
1199 2009 1366 2054 scilicet*
1395 2017 1644 2068 praesump-

218 2083 338 2125 tionis
371 2083 574 2140 repressio,
598 2098 704 2140 quae
727 2096 789 2126 est
823 2096 958 2126 mater
989 2084 1161 2127 erroris.
1186 2084 1296 2127 Sunt
1319 2083 1435 2126 enim
1468 2081 1644 2140 quidam

217 2165 384 2196 tantum
419 2152 469 2196 de
503 2169 583 2196 suo
618 2155 794 2211 ingenio
830 2167 1172 2212 praesumentes,
1198 2167 1244 2197 ut
1279 2167 1414 2197 totam
1449 2166 1645 2196 naturam

217 2223 406 2267 divinam
431 2241 475 2268 se
499 2238 694 2283 reputent
721 2241 801 2268 suo
825 2225 1040 2269 intellectu
1065 2242 1193 2284 posse
1230 2226 1388 2278 metiri,
1413 2225 1640 2268 aestiman-

215 2308 278 2338 tes
314 2295 488 2351 scilicet,
513 2309 655 2340 totum
679 2313 773 2340 esse
798 2312 949 2340 verum
986 2297 1104 2355 quod
1129 2298 1189 2345 eis
1222 2297 1396 2341 videtur
1422 2309 1464 2340 et
1487 2295 1643 2339 falsum

217 2366 336 2425 quod
371 2369 430 2410 eis
464 2383 552 2411 non
601 2368 784 2413 videtur.
829 2370 888 2413 Ut
931 2385 1034 2426 ergo
1083 2369 1132 2413 ab
1166 2369 1243 2412 hac
1291 2369 1645 2428 praesumptione

217 2439 431 2483 humanus
468 2441 635 2483 animus
678 2439 879 2484 liberatus
928 2440 980 2485 ad
1027 2440 1270 2486 modestam
1311 2440 1643 2499 inquisitionem

215 2512 405 2555 veritatis
429 2512 663 2569 perveniat,
687 2513 976 2556 necessarium
1011 2511 1091 2556 fuit
1113 2512 1281 2557 homini
1306 2513 1489 2571 proponi
1514 2500 1638 2571 quae-

216 2581 313 2626 dam
348 2582 571 2637 divinitus,
603 2599 710 2641 quae
733 2585 915 2628 omnino
949 2583 1216 2628 intellectum
1249 2585 1341 2628 eius
1375 2583 1646 2628 excederent.
