1737 2802
665 146 900 199 „59—

185 241 327 285 Placet
359 241 465 284 hanc
497 239 674 293 thesim,
709 240 752 282 in
785 255 867 297 qua
902 237 1176 297 probavimus
1201 238 1363 295 fontem
1410 238 1485 279 in-

68 315 179 359 rium
210 322 246 357 et
278 312 497 370 officiorum
538 327 616 355 esse
659 312 794 368 legem,
847 309 1063 354 absolvere
1106 309 1223 352 hisce
1274 307 1490 366 Taparelli

66 384 208 430 verbis
241 384 320 443 (1):
360 401 383 424 «κ
409 382 597 437 Quando
632 382 804 440 dunque
836 382 908 424 noi
943 381 1141 438 diciamo,
1176 382 1211 423 io
1235 382 1291 423 mi
1319 379 1490 437 obbligo,

74 459 111 501 io
144 458 318 515 aeq-nisio
351 471 406 498 un
439 455 594 507 dirimo,
627 454 701 497 noi
734 469 822 496 non
856 454 992 496 siamo
1026 454 1037 495 i
1080 453 1252 495 creatori
1294 450 1335 494 di
1395 450 1494 508 quel

69 542 194 571 sacro
226 526 397 570 vincolo
432 525 508 569 che
541 525 633 583 lega
667 524 724 582 gli
758 525 911 582 spiriti,
945 540 1013 567 ma
1047 524 1252 582 poniamo
1301 522 1490 565 soltanto

74 598 115 642 la
136 597 326 642 material
350 596 601 640 condizione
635 595 741 639 della
764 595 1059 652 obbligazione
1093 610 1118 637 o
1143 593 1209 637 del
1233 593 1395 650 dirimo,
1418 609 1492 635 en-

72 667 230 712 trando
270 679 651 726 spontaneamente
684 667 727 709 in
780 665 918 724 quelle
967 665 1184 717 relazioni,
1218 663 1327 707 nelle
1382 663 1494 722 quali

72 740 246 785 l’ordine
279 748 408 783 eterno
441 741 477 783 ci
508 738 663 795 leghem
695 752 721 780 a
753 738 897 782 dovere
929 753 949 780 0
983 739 1018 781 ci
1049 736 1275 780 attribnirci
1308 735 1337 779 il
1360 744 1496 794 potere

74 827 192 855 verso
226 812 265 854 lcz
299 819 552 868 controparte
586 809 670 868 (2).
705 810 737 853 E
771 810 958 852 siccome
992 807 1124 852 anche
1159 822 1283 850 senza
1314 809 1367 849 n'e
1413 821 1497 849 vo-

74 881 183 926 lerlo
215 884 267 924 ne
301 881 458 938 capirlo
507 883 558 923 ue
593 880 761 939 saperlo
796 881 984 938 possiam
1019 880 1091 922 noi
1140 891 1306 921 entrare
1340 879 1382 920 in
1426 877 1496 920 tali

71 952 272 996 relazioni
307 952 527 1006 materiali,
561 953 649 994 cosi
683 967 807 995 senza
839 950 1002 994 volesio
1050 951 1102 993 n'e
1137 948 1296 1008 capirlo
1340 950 1392 991 ne
1425 964 1496 991 sa-

75 1025 195 1083 perlo
228 1025 449 1082 possiamo
484 1040 582 1067 aver
614 1024 679 1067 dei
714 1024 828 1067 d1·itti
864 1040 889 1067 o
924 1021 1307 1081 acquista1·li(3)»

573 1314 919 1359 ARTICULUS
952 1315 1008 1358 V.

138 1448 211 1491 De
241 1447 485 1502 principio
517 1446 815 1500 cognitionis
846 1446 1030 1489 iurium
1063 1448 1112 1489 et
1148 1446 1438 1489 officiorum.

665 1601 832 1644 THESIS
866 1601 920 1644 V.

78 1747 167 1790 Lex
199 1746 540 1804 quemadmodmn
572 1745 756 1789 obiective
789 1754 845 1789 est
878 1747 1035 1788 furium
1082 1744 1378 1802 officiorumque
1407 1743 1502 1798 fons

197 1827 232 1861 et
264 1821 391 1875 origo,
426 1820 484 1862 ita
517 1817 653 1876 quoad
683 1833 755 1861 nos
787 1826 844 1862 est
881 1816 1112 1861 eorumdem
1145 1815 1502 1874 cognoscendorum

195 1890 448 1948 principium
480 1898 512 1932 et
544 1890 766 1933 criterium.

203 2033 268 2075 14.
302 2020 693 2064 DEMONSTRATIO.
728 2019 921 2063 Nomine
949 2018 1146 2076 principii
1176 2017 1411 2074 cognitionis
1431 2017 1502 2059 iu-

77 2091 191 2134 rium
213 2099 247 2133 et
269 2090 489 2148 officiorum
522 2090 808 2147 intelligimus
842 2088 902 2142 id,
928 2105 977 2132 ex
1001 2089 1122 2131 cuius
1157 2087 1503 2132 consideratione

172 2291 226 2338 (1)
244 2291 284 2327 L.
311 2303 396 2338 nup.
423 2292 482 2327 cit.
509 2304 608 2326 num.
638 2292 715 2336 348.

176 2351 234 2396 (2)
263 2349 318 2386 Cf.
345 2362 436 2398 quae
461 2360 587 2386 contra
612 2349 870 2386 Rationalistas
890 2350 1121 2396 exposuimus
1141 2347 1214 2383 vol.
1242 2359 1270 2383 1.
1287 2347 1378 2383 thes.
1395 2347 1503 2390 XLI„

78 2412 274 2458 praecipue
299 2421 391 2456 quae
417 2410 573 2444 diximus
599 2410 635 2444 in
659 2410 785 2444 scholio
812 2411 848 2443 iu
866 2420 1029 2455 respons.
1048 2409 1092 2443 ad
1112 2409 1242 2443 obiect.
1263 2408 1349 2443 IV.¹¹¹
1368 2419 1401 2453 p.
1424 2415 1504 2451 337.

78 2471 170 2506 ltem
188 2471 230 2504 ci.
251 2481 341 2516 quae
360 2469 404 2505 de
430 2469 569 2504 iuribus
591 2470 777 2516 congenitis
799 2475 828 2504 el
846 2470 1020 2516 acquisitis
1039 2469 1196 2505 diximus
1216 2480 1333 2515 super.
1350 2468 1443 2503 thes.
1461 2467 1506 2502 11.

80 2541 163 2577 pag.
190 2538 270 2575 35.‚
301 2538 335 2564 et
364 2541 403 2564 ea
431 2539 521 2575 quae
546 2528 614 2563 hac
641 2528 677 2564 in
705 2528 797 2563 thesi
822 2528 1035 2564 tradidimus
1061 2540 1142 2576 pag.
1170 2527 1227 2563 62.

172 2589 231 2635 (3)
260 2587 315 2624 Cf.
341 2599 458 2636 super.
483 2588 576 2623 thes.
605 2588 649 2624 11.
675 2600 756 2634 pag.
780 2597 835 2633 37.
