1737 2802
691 130 959 173 -301-

107 211 334 271 praedictis
376 212 558 269 casibus,
591 212 850 257 voluntaria:
884 211 1144 271 quandoque
1191 212 1320 255 etiam
1352 223 1417 254 est
1461 225 1540 253 ne-

105 285 292 338 cessaria,
331 284 356 327 i.
391 300 425 327 e.
476 284 553 327 alia
600 299 868 342 consequens
915 283 1036 340 facta,
1071 295 1237 341 praeter
1286 281 1353 326 vel
1404 283 1535 324 etiam

111 367 261 399 contra
293 356 428 413 ipsius
461 355 627 399 domini
661 370 936 399 consensum.
958 379 1018 387 —-
1044 354 1254 412 Exemplo
1292 355 1346 396 sit
1379 352 1540 396 factum

107 428 324 471 sententiae
355 425 508 470 iudicis
542 441 618 469 seu
653 427 859 484 principis
893 426 1046 481 civilis,
1080 425 1307 468 statuentis
1347 423 1465 481 quod
1499 424 1545 466 in

109 500 245 544 illatae
291 500 472 542 iniuriae
521 500 835 556 reparationem
887 497 1132 541 dominium
1182 498 1240 540 rei
1289 496 1469 540 alicuius
1521 511 1542 538 a

109 572 274 616 laesore
307 572 350 613 in
383 571 547 614 laesum
581 583 779 614 transeat.

231 643 299 698 84.
335 643 589 686 SciioLtoN.
624 642 835 694 Quonam
869 641 1001 698 igitur
1035 655 1162 683 sensu
1198 639 1323 683 debet
1357 638 1539 695 intelligi

112 715 231 768 illud,
264 713 382 772 quod
416 713 497 757 dici
521 713 643 767 solet,
679 714 719 756 in
748 714 886 771 prima
919 729 1057 756 rerum
1089 712 1241 769 origine
1264 712 1372 754 bona
1404 711 1544 754 omnia

109 787 285 830 extitisse
319 786 584 829 communia?

230 858 262 900 Ι.
297 857 392 901 Nos
425 855 496 915 (ut
544 873 595 899 ex
631 868 721 899 tota
769 856 897 899 huius
946 856 1117 900 theseos
1166 856 1543 900 demonstratione

112 928 335 972 manifeste
370 932 498 986 patetl
533 927 825 985 intelligimuS‚
852 928 962 970 bona
996 929 1142 971 omnia
1165 927 1214 970 ab
1249 928 1374 970 initio
1412 926 1544 971 fuisse

112 1001 363 1044 communia
391 1000 705 1043 communione
727 1001 919 1055 negativa
941 999 1103 1057 (1).--
1126 999 1310 1051 Scilicet,
1336 1000 1379 1043 in
1405 1001 1544 1058 prima

112 1086 259 1114 rerum
295 1071 508 1114 creatione
541 1082 691 1113 natura
723 1070 827 1112 nulli
862 1071 950 1112 sive
986 1069 1152 1112 homini
1183 1071 1272 1113 sive
1306 1070 1543 1114 hominum

113 1143 414 1186 communitati
449 1157 540 1185 rem
575 1141 703 1184 ullam
738 1142 779 1184 in
815 1141 1056 1198 particulari
1091 1141 1310 1199 applicuit,
1346 1141 1421 1194 sed
1470 1143 1543 1186 in-

112 1215 304 1258 troduxit
338 1213 538 1257 homines
573 1214 615 1256 in
649 1213 880 1268 mundum,
917 1213 1110 1271 pluribus
1159 1214 1374 1270 variisque
1413 1213 1543 1257 bonis

113 1284 336 1339 refertum,
372 1297 418 1327 ut
451 1284 611 1341 singuli
635 1284 876 1341 acciperent
909 1296 950 1326 et
974 1283 1224 1340 accipiendo
1259 1283 1445 1327 facerent
1468 1299 1546 1327 sua

112 1372 175 1408 ea,
210 1356 366 1414 quibus
402 1355 657 1412 indigerent.
695 1356 844 1408 Quare
881 1354 928 1398 ab
972 1355 1096 1398 initio
1145 1355 1443 1402 antecedenter
1493 1354 1548 1399 ad

112 1428 296 1486 quodvis
330 1427 571 1470 humanum
604 1426 763 1470 factum
789 1442 853 1469 res
888 1439 1005 1469 erant
1030 1425 1109 1470 sub
1144 1427 1314 1470 diverso
1348 1439 1544 1484 respectu

112 1501 295 1542 omni-nm
323 1511 363 1541 et
394 1498 564 1541 nullius.
591 1499 719 1541 Erant
753 1500 953 1540 omnium
981 1499 1178 1555 potentia.-
1202 1510 1412 1555 quatenus
1448 1513 1553 1541 om-·

114 1570 239 1614 nibus
273 1569 445 1612 facultas
479 1571 628 1623 inerat,
662 1582 703 1613 et
736 1569 913 1626 quidem
949 1569 996 1612 ab
1031 1571 1122 1626 ipsa
1155 1582 1318 1626 natura,
1352 1584 1418 1612 res
1467 1584 1550 1612 oc-

116 1640 297 1699 cupandi
332 1640 498 1698 sibique
532 1641 795 1699 acquirendi,
834 1642 1087 1698 priusquam
1122 1640 1171 1684 ab
1215 1640 1358 1698 aliquo
1402 1653 1547 1684 essent

116 1724 359 1770 occupatae.
397 1713 525 1755 Erant
557 1712 715 1754 nullius
749 1721 856 1755 actu.-
892 1724 1101 1769 quatenus
1125 1724 1356 1770 antequam
1391 1712 1545 1770 aliquis

117 1799 207 1827 rem
240 1784 426 1841 aliquam
475 1783 831 1841 apprehenderet,
866 1798 996 1826 nemo
1047 1782 1188 1826 dicere
1240 1796 1422 1841 poterat,
1455 1784 1550 1826 haec

116 1869 178 1898 res
211 1863 268 1897 est
302 1869 406 1908 mea,
443 1853 515 1896 illa
548 1864 604 1897 est
637 1862 708 1896 tua
741 1853 827 1912 (2).

213 2043 265 2088 (ι’)
292 2042 478 2085 Ballerini,
510 2043 545 2077 in
573 2042 698 2077 adnot.
725 2042 767 2076 ad
795 2051 896 2076 tract.
925 2053 957 2087 p.
987 2041 1088 2087 Gury
1113 2041 1158 2076 de
1199 2042 1280 2076 iust.
1315 2050 1348 2075 et
1391 2042 1466 2075 iure
1508 2042 1555 2075 ab

119 2102 209 2145 init„
234 2102 322 2137 haec
349 2102 470 2136 habet:
505 2103 577 2136 «In
604 2103 718 2148 prima
745 2113 863 2136 rerum
905 2101 1060 2147 origine,
1090 2101 1185 2134 bona
1225 2100 1350 2134 omnia
1391 2099 1552 2134 extitisse

119 2162 341 2204 communia,
368 2173 444 2196 non
471 2162 520 2195 sic
547 2161 741 2208 intelligas,
769 2162 866 2208 quasi
894 2160 1064 2195 homines
1091 2170 1175 2194 tunc
1203 2161 1240 2194 in
1270 2159 1458 2194 communi
1487 2170 1552 2194 seu

118 2222 155 2256 in
182 2221 341 2256 solidum
369 2233 409 2256 ea
435 2222 660 2268 possiderent
689 2222 751 2266 (en
780 2221 994 2255 communio
1019 2221 1184 2266 positiva,
1205 2231 1295 2266 quae
1323 2219 1559 2264 excluditur),

117 2280 179 2315 sed
205 2289 383 2327 quatenus
409 2292 491 2314 curn
518 2280 654 2314 nullius
681 2280 798 2314 adhuc
826 2278 992 2313 dominio
1020 2279 1294 2323 subiicerentur,
1321 2287 1495 2325 poterant
1536 2290 1555 2312 a

119 2338 279 2386 quolibet
305 2339 470 2383 occupari
498 2339 560 2384 (en
587 2339 802 2373 communio
831 2339 1004 2381 negativa,
1032 2349 1122 2384 quae
1148 2337 1378 2382 admittitur).
1395 2353 1412 2369 »

217 2398 275 2444 (2)
305 2399 472 2444 Ineptum
501 2407 552 2433 est
578 2398 649 2433 hoc
689 2398 931 2445 quorumdam
971 2397 1132 2432 effatum:
1161 2397 1267 2444 primi
1309 2397 1492 2440 homines,
1522 2405 1562 2431 ut

118 2468 271 2492 vacuam
298 2465 525 2503 acceperunt,
544 2457 593 2492 ita
620 2458 828 2492 debuissent
848 2468 997 2491 vacuam
1026 2456 1231 2503 relinquere
1254 2465 1386 2491 terram
1413 2469 1561 2492 succes-

119 2517 274 2552 soribus.
302 2537 345 2542 —
374 2517 467 2551 Nam
495 2517 632 2563 primos
658 2516 827 2552 homines
854 2517 1039 2562 accepisse
1077 2526 1208 2551 terram
1245 2527 1407 2558 vacuam,
1437 2517 1555 2563 signi-

120 2575 216 2617 ficat,
241 2587 303 2611 eos
341 2585 474 2611 terram
513 2575 708 2622 accepisse,
735 2575 888 2610 domino
928 2575 1076 2622 quidem
1120 2586 1316 2622 expertem,
1345 2576 1405 2610 sed
1445 2577 1554 2611 etiam
