<?xml version="1.0" encoding="UTF-8"?>
<!DOCTYPE html PUBLIC "-//W3C//DTD XHTML 1.0 Transitional//EN"
    "http://www.w3.org/TR/xhtml1/DTD/xhtml1-transitional.dtd">
<html xmlns="http://www.w3.org/1999/xhtml" xml:lang="en" lang="en">
 <head>
  <title>
</title>
<meta http-equiv="Content-Type" content="text/html;charset=utf-8" />
  <meta name='ocr-system' content='tesseract 3.04.00' />
  <meta name='ocr-capabilities' content='ocr_page ocr_carea ocr_par ocr_line ocrx_word'/>
</head>
<body>
  <div class='ocr_page' id='page_1' title='image "./institutionesphi02ferr_0318.png"; bbox 0 0 1737 2802; ppageno 0'>
   <div class='ocr_carea' id='block_1_1' title="bbox 783 92 1050 146">
    <p class='ocr_par' dir='ltr' id='par_1_1' title="bbox 783 92 1050 146">
     <span class='ocr_line' id='line_1_1' title="bbox 783 92 1050 146; baseline 0 -22"><span class='ocrx_word' id='word_1_1' title='bbox 783 92 1050 146; x_wconf 72' lang='lat'><em>-305—</em></span> 
     </span>
    </p>
   </div>
   <div class='ocr_carea' id='block_1_2' title="bbox 173 183 1635 2383">
    <p class='ocr_par' dir='ltr' id='par_1_2' title="bbox 192 183 1635 526">
     <span class='ocr_line' id='line_1_2' title="bbox 194 183 1635 244; baseline 0.006 -18"><span class='ocrx_word' id='word_1_2' title='bbox 194 196 311 226; x_wconf 73' lang='lat' dir='ltr'>rutel·</span> <span class='ocrx_word' id='word_1_3' title='bbox 345 184 461 226; x_wconf 75' lang='lat' dir='ltr'>alteri</span> <span class='ocrx_word' id='word_1_4' title='bbox 497 199 541 226; x_wconf 90' lang='lat' dir='ltr'>se</span> <span class='ocrx_word' id='word_1_5' title='bbox 575 183 734 241; x_wconf 80' lang='lat' dir='ltr'>obligat</span> <span class='ocrx_word' id='word_1_6' title='bbox 769 184 820 228; x_wconf 88' lang='lat' dir='ltr'>ad</span> <span class='ocrx_word' id='word_1_7' title='bbox 854 185 1014 243; x_wconf 88' lang='lat' dir='ltr'>aliquid</span> <span class='ocrx_word' id='word_1_8' title='bbox 1049 186 1253 244; x_wconf 86' lang='lat' dir='ltr'>dandum,</span> <span class='ocrx_word' id='word_1_9' title='bbox 1287 187 1534 233; x_wconf 84' lang='lat' dir='ltr'>faciendum</span> <span class='ocrx_word' id='word_1_10' title='bbox 1559 203 1635 235; x_wconf 85' lang='lat' dir='ltr'>aut</span> 
     </span>
     <span class='ocr_line' id='line_1_3' title="bbox 196 254 1633 312; baseline 0.005 -15"><span class='ocrx_word' id='word_1_11' title='bbox 196 254 502 297; x_wconf 81' lang='lat' dir='ltr'>omittendum.</span> <span class='ocrx_word' id='word_1_12' title='bbox 533 256 576 298; x_wconf 83' lang='lat' dir='ltr'>Si</span> <span class='ocrx_word' id='word_1_13' title='bbox 613 258 822 312; x_wconf 83' lang='lat' dir='ltr'>primum,</span> <span class='ocrx_word' id='word_1_14' title='bbox 847 268 1091 300; x_wconf 85' lang='lat' dir='ltr'>contractus</span> <span class='ocrx_word' id='word_1_15' title='bbox 1127 257 1283 302; x_wconf 89' lang='lat' dir='ltr'>dicitur</span> <span class='ocrx_word' id='word_1_16' title='bbox 1317 275 1532 303; x_wconf 86' lang='lat' dir='ltr'>onerosus</span> <span class='ocrx_word' id='word_1_17' title='bbox 1565 261 1633 305; x_wconf 89' lang='lat' dir='ltr'>vel</span> 
     </span>
     <span class='ocr_line' id='line_1_4' title="bbox 195 325 1632 389; baseline 0.006 -22"><span class='ocrx_word' id='word_1_18' title='bbox 195 329 325 368; x_wconf 73' lang='lat' dir='ltr'>etiam</span> <span class='ocrx_word' id='word_1_19' title='bbox 362 325 602 370; x_wconf 78' lang='lat' dir='ltr'>bilateralis:</span> <span class='ocrx_word' id='word_1_20' title='bbox 637 327 702 369; x_wconf 86' lang='lat' dir='ltr'>sin</span> <span class='ocrx_word' id='word_1_21' title='bbox 737 326 934 380; x_wconf 86' lang='lat' dir='ltr'>alterum,</span> <span class='ocrx_word' id='word_1_22' title='bbox 960 341 1204 373; x_wconf 84' lang='lat' dir='ltr'>contractus</span> <span class='ocrx_word' id='word_1_23' title='bbox 1234 331 1391 374; x_wconf 87' lang='lat' dir='ltr'>dicitur</span> <span class='ocrx_word' id='word_1_24' title='bbox 1415 333 1632 389; x_wconf 84' lang='lat' dir='ltr'>gratuitus</span> 
     </span>
     <span class='ocr_line' id='line_1_5' title="bbox 195 396 1634 445; baseline 0.006 -8"><span class='ocrx_word' id='word_1_25' title='bbox 195 396 260 438; x_wconf 66' lang='lat' dir='ltr'>vel</span> <span class='ocrx_word' id='word_1_26' title='bbox 298 396 569 439; x_wconf 75' lang='lat' dir='ltr'>unilateraliS.</span> <span class='ocrx_word' id='word_1_27' title='bbox 606 397 676 440; x_wconf 81' lang='lat' dir='ltr'>Sic</span> <span class='ocrx_word' id='word_1_28' title='bbox 710 398 851 440; x_wconf 79' lang='lat' dir='ltr'>locatio</span> <span class='ocrx_word' id='word_1_29' title='bbox 887 410 950 441; x_wconf 90' lang='lat' dir='ltr'>est</span> <span class='ocrx_word' id='word_1_30' title='bbox 984 411 1228 442; x_wconf 87' lang='lat' dir='ltr'>contractus</span> <span class='ocrx_word' id='word_1_31' title='bbox 1261 415 1489 445; x_wconf 87' lang='lat' dir='ltr'>onerosus:</span> <span class='ocrx_word' id='word_1_32' title='bbox 1515 418 1634 444; x_wconf 80' lang='lat' dir='ltr'>man-</span> 
     </span>
     <span class='ocr_line' id='line_1_6' title="bbox 192 467 1151 526; baseline 0.003 -17"><span class='ocrx_word' id='word_1_33' title='bbox 192 467 337 510; x_wconf 72' lang='lat' dir='ltr'>datum</span> <span class='ocrx_word' id='word_1_34' title='bbox 372 480 514 510; x_wconf 78' lang='lat' dir='ltr'>autem</span> <span class='ocrx_word' id='word_1_35' title='bbox 551 481 613 510; x_wconf 83' lang='lat' dir='ltr'>est</span> <span class='ocrx_word' id='word_1_36' title='bbox 647 481 892 512; x_wconf 81' lang='lat' dir='ltr'>contractus</span> <span class='ocrx_word' id='word_1_37' title='bbox 926 470 1151 526; x_wconf 80' lang='lat' dir='ltr'>gratuitus.</span> 
     </span>
    </p>

    <p class='ocr_par' dir='ltr' id='par_1_3' title="bbox 175 538 1632 952">
     <span class='ocr_line' id='line_1_7' title="bbox 314 538 1632 597; baseline 0.005 -16"><span class='ocrx_word' id='word_1_38' title='bbox 314 538 362 597; x_wconf 69' lang='grc' dir='ltr'>β)</span> <span class='ocrx_word' id='word_1_39' title='bbox 397 538 663 582; x_wconf 82' lang='lat' dir='ltr'>Dividuntur</span> <span class='ocrx_word' id='word_1_40' title='bbox 697 541 826 583; x_wconf 87' lang='lat' dir='ltr'>etiam</span> <span class='ocrx_word' id='word_1_41' title='bbox 852 542 894 583; x_wconf 90' lang='lat' dir='ltr'>in</span> <span class='ocrx_word' id='word_1_42' title='bbox 917 544 1150 586; x_wconf 78' lang='lat' dir='ltr'>nominatos</span> <span class='ocrx_word' id='word_1_43' title='bbox 1184 555 1224 585; x_wconf 91' lang='lat' dir='ltr'>et</span> <span class='ocrx_word' id='word_1_44' title='bbox 1257 543 1550 588; x_wconf 75' lang='lat' dir='ltr'>innominatos.</span> <span class='ocrx_word' id='word_1_45' title='bbox 1574 568 1632 578; x_wconf 90' lang='lat'>—-</span> 
     </span>
     <span class='ocr_line' id='line_1_8' title="bbox 195 608 1632 671; baseline 0.003 -19"><span class='ocrx_word' id='word_1_46' title='bbox 195 608 384 661; x_wconf 78' lang='lat' dir='ltr'>Scilicet,</span> <span class='ocrx_word' id='word_1_47' title='bbox 423 609 486 652; x_wconf 74' lang='lat' dir='ltr'>vel</span> <span class='ocrx_word' id='word_1_48' title='bbox 521 625 682 653; x_wconf 88' lang='lat' dir='ltr'>nomen</span> <span class='ocrx_word' id='word_1_49' title='bbox 716 613 943 670; x_wconf 86' lang='lat' dir='ltr'>proprium</span> <span class='ocrx_word' id='word_1_50' title='bbox 993 613 1035 654; x_wconf 89' lang='lat' dir='ltr'>in</span> <span class='ocrx_word' id='word_1_51' title='bbox 1085 613 1178 656; x_wconf 83' lang='lat' dir='ltr'>iure</span> <span class='ocrx_word' id='word_1_52' title='bbox 1226 613 1397 671; x_wconf 85' lang='lat' dir='ltr'>habent,</span> <span class='ocrx_word' id='word_1_53' title='bbox 1430 613 1497 658; x_wconf 93' lang='lat' dir='ltr'>vel</span> <span class='ocrx_word' id='word_1_54' title='bbox 1544 629 1632 658; x_wconf 91' lang='lat' dir='ltr'>non</span> 
     </span>
     <span class='ocr_line' id='line_1_9' title="bbox 189 679 1630 742; baseline 0.006 -20"><span class='ocrx_word' id='word_1_55' title='bbox 189 679 358 724; x_wconf 73' lang='lat' dir='ltr'>liabent.</span> <span class='ocrx_word' id='word_1_56' title='bbox 394 682 440 724; x_wconf 88' lang='lat' dir='ltr'>Si</span> <span class='ocrx_word' id='word_1_57' title='bbox 477 682 691 739; x_wconf 86' lang='lat' dir='ltr'>primum,</span> <span class='ocrx_word' id='word_1_58' title='bbox 727 683 930 727; x_wconf 88' lang='lat' dir='ltr'>dicuntur</span> <span class='ocrx_word' id='word_1_59' title='bbox 962 685 1190 742; x_wconf 83' lang='lat' dir='ltr'>nominati,</span> <span class='ocrx_word' id='word_1_60' title='bbox 1218 685 1464 729; x_wconf 89' lang='lat' dir='ltr'>cuiusmodi</span> <span class='ocrx_word' id='word_1_61' title='bbox 1498 699 1561 729; x_wconf 89' lang='lat' dir='ltr'>est</span> <span class='ocrx_word' id='word_1_62' title='bbox 1594 702 1630 730; x_wconf 87' lang='lat' dir='ltr'>e.</span> 
     </span>
     <span class='ocr_line' id='line_1_10' title="bbox 188 744 1631 815; baseline 0.005 -20"><span class='ocrx_word' id='word_1_63' title='bbox 188 767 228 808; x_wconf 84' lang='lat' dir='ltr'>g.</span> <span class='ocrx_word' id='word_1_64' title='bbox 264 752 457 795; x_wconf 74' lang='lat' dir='ltr'><em>venditio.</em></span> <span class='ocrx_word' id='word_1_65' title='bbox 493 754 568 797; x_wconf 88' lang='lat' dir='ltr'>Sin</span> <span class='ocrx_word' id='word_1_66' title='bbox 602 754 804 811; x_wconf 83' lang='lat' dir='ltr'>alterum,</span> <span class='ocrx_word' id='word_1_67' title='bbox 849 754 1053 798; x_wconf 89' lang='lat' dir='ltr'>dicuntur</span> <span class='ocrx_word' id='word_1_68' title='bbox 1104 744 1376 800; x_wconf 82' lang='lat' dir='ltr'>innominati:</span> <span class='ocrx_word' id='word_1_69' title='bbox 1413 758 1631 815; x_wconf 80' lang='lat' dir='ltr'>praecipui</span> 
     </span>
     <span class='ocr_line' id='line_1_11' title="bbox 187 824 1630 886; baseline 0.005 -21"><span class='ocrx_word' id='word_1_70' title='bbox 187 824 451 867; x_wconf 75' lang='lat' dir='ltr'>innominati</span> <span class='ocrx_word' id='word_1_71' title='bbox 486 838 600 881; x_wconf 86' lang='lat' dir='ltr'>sunt,</span> <span class='ocrx_word' id='word_1_72' title='bbox 635 825 683 869; x_wconf 80' lang='lat' dir='ltr'>do</span> <span class='ocrx_word' id='word_1_73' title='bbox 719 835 763 868; x_wconf 80' lang='lat' dir='ltr'>ut</span> <span class='ocrx_word' id='word_1_74' title='bbox 797 826 878 884; x_wconf 73' lang='lat' dir='ltr'>des,</span> <span class='ocrx_word' id='word_1_75' title='bbox 912 826 960 869; x_wconf 88' lang='lat' dir='ltr'>do</span> <span class='ocrx_word' id='word_1_76' title='bbox 997 836 1041 870; x_wconf 81' lang='lat' dir='ltr'>nt</span> <span class='ocrx_word' id='word_1_77' title='bbox 1064 827 1221 885; x_wconf 76' lang='lat' dir='ltr'>facias,</span> <span class='ocrx_word' id='word_1_78' title='bbox 1245 828 1359 886; x_wconf 85' lang='lat' dir='ltr'>facio</span> <span class='ocrx_word' id='word_1_79' title='bbox 1393 837 1440 871; x_wconf 78' lang='lat' dir='ltr'>ut</span> <span class='ocrx_word' id='word_1_80' title='bbox 1471 828 1630 886; x_wconf 81' lang='lat' dir='ltr'>facias,</span> 
     </span>
     <span class='ocr_line' id='line_1_12' title="bbox 175 895 488 952; baseline 0.006 -15"><span class='ocrx_word' id='word_1_81' title='bbox 175 895 291 952; x_wconf 79' lang='lat' dir='ltr'>facio</span> <span class='ocrx_word' id='word_1_82' title='bbox 327 906 371 938; x_wconf 79' lang='grc' dir='ltr'>ιιτ</span> <span class='ocrx_word' id='word_1_83' title='bbox 405 896 488 939; x_wconf 75' lang='lat' dir='ltr'>des.</span> 
     </span>
    </p>

    <p class='ocr_par' dir='ltr' id='par_1_4' title="bbox 184 967 1629 1584">
     <span class='ocr_line' id='line_1_13' title="bbox 309 967 1627 1026; baseline 0.005 -17"><span class='ocrx_word' id='word_1_84' title='bbox 309 977 349 1024; x_wconf 70' lang='grc' dir='ltr'>γ)</span> <span class='ocrx_word' id='word_1_85' title='bbox 385 967 651 1011; x_wconf 76' lang='lat' dir='ltr'>Dividuntur</span> <span class='ocrx_word' id='word_1_86' title='bbox 684 984 859 1026; x_wconf 86' lang='lat' dir='ltr'>quoque</span> <span class='ocrx_word' id='word_1_87' title='bbox 894 971 936 1012; x_wconf 93' lang='lat' dir='ltr'>in</span> <span class='ocrx_word' id='word_1_88' title='bbox 970 970 1268 1014; x_wconf 81' lang='lat' dir='ltr'>conditionatos</span> <span class='ocrx_word' id='word_1_89' title='bbox 1316 984 1357 1014; x_wconf 90' lang='lat' dir='ltr'>et</span> <span class='ocrx_word' id='word_1_90' title='bbox 1409 971 1627 1016; x_wconf 76' lang='lat' dir='ltr'>absolutos.</span> 
     </span>
     <span class='ocr_line' id='line_1_14' title="bbox 186 1039 1629 1100; baseline 0.004 -20"><span class='ocrx_word' id='word_1_91' title='bbox 186 1063 245 1071; x_wconf 92' lang='lat'><strong>—</strong></span> <span class='ocrx_word' id='word_1_92' title='bbox 280 1039 454 1081; x_wconf 82' lang='lat' dir='ltr'>Etenim</span> <span class='ocrx_word' id='word_1_93' title='bbox 491 1041 727 1083; x_wconf 84' lang='lat' dir='ltr'>contractui</span> <span class='ocrx_word' id='word_1_94' title='bbox 759 1040 827 1084; x_wconf 91' lang='lat' dir='ltr'>vel</span> <span class='ocrx_word' id='word_1_95' title='bbox 861 1057 881 1084; x_wconf 87' lang='lat' dir='ltr'>a</span> <span class='ocrx_word' id='word_1_96' title='bbox 916 1041 1227 1099; x_wconf 83' lang='lat' dir='ltr'>paciscentibus</span> <span class='ocrx_word' id='word_1_97' title='bbox 1260 1043 1494 1100; x_wconf 86' lang='lat' dir='ltr'>apponitur</span> <span class='ocrx_word' id='word_1_98' title='bbox 1527 1058 1629 1086; x_wconf 91' lang='lat' dir='ltr'>con—</span> 
     </span>
     <span class='ocr_line' id='line_1_15' title="bbox 185 1110 1628 1172; baseline 0.003 -20"><span class='ocrx_word' id='word_1_99' title='bbox 185 1110 292 1153; x_wconf 86' lang='lat' dir='ltr'>ditio</span> <span class='ocrx_word' id='word_1_100' title='bbox 327 1110 486 1169; x_wconf 79' lang='lat' dir='ltr'>aliqua,</span> <span class='ocrx_word' id='word_1_101' title='bbox 521 1112 588 1155; x_wconf 92' lang='lat' dir='ltr'>vel</span> <span class='ocrx_word' id='word_1_102' title='bbox 622 1128 710 1155; x_wconf 88' lang='lat' dir='ltr'>non</span> <span class='ocrx_word' id='word_1_103' title='bbox 759 1113 1006 1170; x_wconf 85' lang='lat' dir='ltr'>apponitur.</span> <span class='ocrx_word' id='word_1_104' title='bbox 1051 1114 1094 1157; x_wconf 87' lang='lat' dir='ltr'>Si</span> <span class='ocrx_word' id='word_1_105' title='bbox 1130 1114 1338 1172; x_wconf 85' lang='lat' dir='ltr'>primum,</span> <span class='ocrx_word' id='word_1_106' title='bbox 1382 1126 1628 1158; x_wconf 85' lang='lat' dir='ltr'>contractus</span> 
     </span>
     <span class='ocr_line' id='line_1_16' title="bbox 189 1182 1629 1244; baseline 0.003 -20"><span class='ocrx_word' id='word_1_107' title='bbox 189 1194 255 1224; x_wconf 80' lang='lat' dir='ltr'>est</span> <span class='ocrx_word' id='word_1_108' title='bbox 288 1182 624 1226; x_wconf 83' lang='lat' dir='ltr'>conditionatus:</span> <span class='ocrx_word' id='word_1_109' title='bbox 660 1184 726 1226; x_wconf 90' lang='lat' dir='ltr'>sin</span> <span class='ocrx_word' id='word_1_110' title='bbox 760 1183 958 1238; x_wconf 85' lang='lat' dir='ltr'>alterum,</span> <span class='ocrx_word' id='word_1_111' title='bbox 983 1197 1047 1228; x_wconf 88' lang='lat' dir='ltr'>est</span> <span class='ocrx_word' id='word_1_112' title='bbox 1080 1183 1316 1228; x_wconf 90' lang='lat' dir='ltr'>absolutus.</span> <span class='ocrx_word' id='word_1_113' title='bbox 1353 1185 1424 1229; x_wconf 91' lang='lat' dir='ltr'>Sic</span> <span class='ocrx_word' id='word_1_114' title='bbox 1454 1187 1629 1244; x_wconf 83' lang='lat' dir='ltr'>promis-</span> 
     </span>
     <span class='ocr_line' id='line_1_17' title="bbox 184 1253 1628 1312; baseline 0.003 -17"><span class='ocrx_word' id='word_1_115' title='bbox 184 1253 258 1306; x_wconf 74' lang='lat' dir='ltr'>sio,</span> <span class='ocrx_word' id='word_1_116' title='bbox 300 1269 382 1311; x_wconf 85' lang='lat' dir='ltr'>qua</span> <span class='ocrx_word' id='word_1_117' title='bbox 415 1255 510 1311; x_wconf 88' lang='lat' dir='ltr'>quis</span> <span class='ocrx_word' id='word_1_118' title='bbox 545 1254 663 1298; x_wconf 87' lang='lat' dir='ltr'>alteri</span> <span class='ocrx_word' id='word_1_119' title='bbox 698 1271 743 1298; x_wconf 87' lang='lat' dir='ltr'>se</span> <span class='ocrx_word' id='word_1_120' title='bbox 776 1255 937 1312; x_wconf 83' lang='lat' dir='ltr'>obligat</span> <span class='ocrx_word' id='word_1_121' title='bbox 971 1255 1022 1299; x_wconf 80' lang='lat' dir='ltr'>ad</span> <span class='ocrx_word' id='word_1_122' title='bbox 1047 1255 1238 1300; x_wconf 87' lang='lat' dir='ltr'>dandum</span> <span class='ocrx_word' id='word_1_123' title='bbox 1273 1257 1310 1300; x_wconf 89' lang='lat' dir='ltr'>ei</span> <span class='ocrx_word' id='word_1_124' title='bbox 1344 1268 1520 1300; x_wconf 89' lang='lat' dir='ltr'>centum</span> <span class='ocrx_word' id='word_1_125' title='bbox 1553 1273 1628 1300; x_wconf 86' lang='lat' dir='ltr'>au-</span> 
     </span>
     <span class='ocr_line' id='line_1_18' title="bbox 184 1325 1628 1379; baseline 0.002 -12"><span class='ocrx_word' id='word_1_126' title='bbox 184 1339 299 1378; x_wconf 84' lang='lat' dir='ltr'>reos,</span> <span class='ocrx_word' id='word_1_127' title='bbox 335 1338 398 1368; x_wconf 89' lang='lat' dir='ltr'>est</span> <span class='ocrx_word' id='word_1_128' title='bbox 431 1325 640 1379; x_wconf 82' lang='lat' dir='ltr'>absoluta,</span> <span class='ocrx_word' id='word_1_129' title='bbox 665 1327 700 1368; x_wconf 91' lang='lat' dir='ltr'>si</span> <span class='ocrx_word' id='word_1_130' title='bbox 733 1326 847 1369; x_wconf 85' lang='lat' dir='ltr'>nulla</span> <span class='ocrx_word' id='word_1_131' title='bbox 879 1327 1103 1370; x_wconf 84' lang='lat' dir='ltr'>adiiciatur</span> <span class='ocrx_word' id='word_1_132' title='bbox 1137 1326 1346 1376; x_wconf 80' lang='lat' dir='ltr'>conditio:</span> <span class='ocrx_word' id='word_1_133' title='bbox 1376 1326 1628 1377; x_wconf 64' lang='lat' dir='ltr'>est,.condi-</span> 
     </span>
     <span class='ocr_line' id='line_1_19' title="bbox 186 1396 1628 1456; baseline 0.002 -18"><span class='ocrx_word' id='word_1_134' title='bbox 186 1397 366 1451; x_wconf 61' lang='lat' dir='ltr'>nonam,</span> <span class='ocrx_word' id='word_1_135' title='bbox 401 1398 437 1440; x_wconf 91' lang='lat' dir='ltr'>si</span> <span class='ocrx_word' id='word_1_136' title='bbox 473 1397 667 1442; x_wconf 90' lang='lat' dir='ltr'>conditio</span> <span class='ocrx_word' id='word_1_137' title='bbox 702 1396 840 1456; x_wconf 86' lang='lat' dir='ltr'>aliqua</span> <span class='ocrx_word' id='word_1_138' title='bbox 872 1397 1068 1453; x_wconf 81' lang='lat' dir='ltr'>addatur,</span> <span class='ocrx_word' id='word_1_139' title='bbox 1103 1413 1144 1441; x_wconf 82' lang='lat' dir='ltr'>v.</span> <span class='ocrx_word' id='word_1_140' title='bbox 1179 1414 1219 1455; x_wconf 86' lang='lat' dir='ltr'>g.</span> <span class='ocrx_word' id='word_1_141' title='bbox 1256 1399 1291 1441; x_wconf 89' lang='lat' dir='ltr'>si</span> <span class='ocrx_word' id='word_1_142' title='bbox 1331 1398 1442 1442; x_wconf 89' lang='lat' dir='ltr'>felici</span> <span class='ocrx_word' id='word_1_143' title='bbox 1477 1399 1628 1442; x_wconf 85' lang='lat' dir='ltr'>itinere</span> 
     </span>
     <span class='ocr_line' id='line_1_20' title="bbox 185 1468 1627 1528; baseline 0 -16"><span class='ocrx_word' id='word_1_144' title='bbox 185 1471 229 1514; x_wconf 86' lang='lat' dir='ltr'>in</span> <span class='ocrx_word' id='word_1_145' title='bbox 261 1469 466 1527; x_wconf 78' lang='lat' dir='ltr'>Angliam</span> <span class='ocrx_word' id='word_1_146' title='bbox 499 1470 748 1526; x_wconf 82' lang='lat' dir='ltr'>perveniam</span> <span class='ocrx_word' id='word_1_147' title='bbox 779 1469 846 1513; x_wconf 92' lang='lat' dir='ltr'>vel</span> <span class='ocrx_word' id='word_1_148' title='bbox 878 1468 1110 1512; x_wconf 86' lang='lat' dir='ltr'>incolumis</span> <span class='ocrx_word' id='word_1_149' title='bbox 1144 1486 1166 1512; x_wconf 91' lang='lat' dir='ltr'>e</span> <span class='ocrx_word' id='word_1_150' title='bbox 1199 1469 1270 1513; x_wconf 89' lang='lat' dir='ltr'>tali</span> <span class='ocrx_word' id='word_1_151' title='bbox 1305 1470 1496 1528; x_wconf 88' lang='lat' dir='ltr'>periculo</span> <span class='ocrx_word' id='word_1_152' title='bbox 1531 1485 1627 1513; x_wconf 88' lang='lat' dir='ltr'>eva-</span> 
     </span>
     <span class='ocr_line' id='line_1_21' title="bbox 192 1534 582 1584; baseline 0 0"><span class='ocrx_word' id='word_1_153' title='bbox 192 1540 307 1584; x_wconf 85' lang='lat' dir='ltr'><strong>dam.</strong></span> <span class='ocrx_word' id='word_1_154' title='bbox 580 1534 582 1536; x_wconf 12' lang='lat' dir='ltr'>V</span> 
     </span>
    </p>

    <p class='ocr_par' dir='ltr' id='par_1_5' title="bbox 173 1609 1627 2097">
     <span class='ocr_line' id='line_1_22' title="bbox 308 1609 1626 1669; baseline -0.001 -15"><span class='ocrx_word' id='word_1_155' title='bbox 308 1609 345 1661; x_wconf 78' lang='grc' dir='ltr'>ὃ)</span> <span class='ocrx_word' id='word_1_156' title='bbox 380 1610 648 1654; x_wconf 86' lang='lat' dir='ltr'>Dividuntur</span> <span class='ocrx_word' id='word_1_157' title='bbox 682 1612 811 1654; x_wconf 89' lang='lat' dir='ltr'>etiam</span> <span class='ocrx_word' id='word_1_158' title='bbox 836 1612 879 1654; x_wconf 90' lang='lat' dir='ltr'>in</span> <span class='ocrx_word' id='word_1_159' title='bbox 903 1619 1110 1669; x_wconf 78' lang='lat' dir='ltr'>expressos</span> <span class='ocrx_word' id='word_1_160' title='bbox 1133 1623 1173 1654; x_wconf 85' lang='lat' dir='ltr'>et</span> <span class='ocrx_word' id='word_1_161' title='bbox 1198 1613 1352 1655; x_wconf 82' lang='lat' dir='ltr'>tacitos.</span> <span class='ocrx_word' id='word_1_162' title='bbox 1375 1635 1433 1644; x_wconf 86' lang='lat'>·-·</span> <span class='ocrx_word' id='word_1_163' title='bbox 1453 1611 1626 1655; x_wconf 85' lang='lat' dir='ltr'>Etenim</span> 
     </span>
     <span class='ocr_line' id='line_1_23' title="bbox 186 1681 1627 1740; baseline 0.001 -16"><span class='ocrx_word' id='word_1_164' title='bbox 186 1698 424 1726; x_wconf 82' lang='lat' dir='ltr'>consensus</span> <span class='ocrx_word' id='word_1_165' title='bbox 459 1682 524 1725; x_wconf 89' lang='lat' dir='ltr'>vel</span> <span class='ocrx_word' id='word_1_166' title='bbox 553 1682 751 1740; x_wconf 86' lang='lat' dir='ltr'>explicite</span> <span class='ocrx_word' id='word_1_167' title='bbox 785 1681 1101 1738; x_wconf 75' lang='lat' dir='ltr'>manifestatur,</span> <span class='ocrx_word' id='word_1_168' title='bbox 1122 1681 1190 1725; x_wconf 86' lang='lat' dir='ltr'>vel</span> <span class='ocrx_word' id='word_1_169' title='bbox 1223 1681 1367 1725; x_wconf 89' lang='lat' dir='ltr'>solum</span> <span class='ocrx_word' id='word_1_170' title='bbox 1402 1681 1627 1739; x_wconf 85' lang='lat' dir='ltr'>implicite.</span> 
     </span>
     <span class='ocr_line' id='line_1_24' title="bbox 181 1752 1626 1812; baseline -0.001 -15"><span class='ocrx_word' id='word_1_171' title='bbox 181 1754 227 1797; x_wconf 80' lang='lat' dir='ltr'>Si</span> <span class='ocrx_word' id='word_1_172' title='bbox 260 1755 468 1812; x_wconf 88' lang='lat' dir='ltr'>primum,</span> <span class='ocrx_word' id='word_1_173' title='bbox 503 1766 746 1796; x_wconf 77' lang='lat' dir='ltr'>contractus</span> <span class='ocrx_word' id='word_1_174' title='bbox 781 1765 844 1796; x_wconf 90' lang='lat' dir='ltr'>est</span> <span class='ocrx_word' id='word_1_175' title='bbox 878 1769 1119 1810; x_wconf 85' lang='lat' dir='ltr'>expressus:</span> <span class='ocrx_word' id='word_1_176' title='bbox 1157 1754 1222 1796; x_wconf 90' lang='lat' dir='ltr'>sin</span> <span class='ocrx_word' id='word_1_177' title='bbox 1258 1752 1439 1796; x_wconf 83' lang='lat' dir='ltr'>alterum</span> <span class='ocrx_word' id='word_1_178' title='bbox 1474 1764 1537 1796; x_wconf 89' lang='lat' dir='ltr'>est</span> <span class='ocrx_word' id='word_1_179' title='bbox 1566 1765 1626 1795; x_wconf 85' lang='lat' dir='ltr'>ta-</span> 
     </span>
     <span class='ocr_line' id='line_1_25' title="bbox 180 1825 1626 1882; baseline -0.001 -14"><span class='ocrx_word' id='word_1_180' title='bbox 180 1826 303 1868; x_wconf 88' lang='lat' dir='ltr'>citus.</span> <span class='ocrx_word' id='word_1_181' title='bbox 340 1826 409 1869; x_wconf 87' lang='lat' dir='ltr'>Sic</span> <span class='ocrx_word' id='word_1_182' title='bbox 443 1825 690 1868; x_wconf 74' lang='lat' dir='ltr'>mandatnm</span> <span class='ocrx_word' id='word_1_183' title='bbox 723 1837 786 1868; x_wconf 91' lang='lat' dir='ltr'>est</span> <span class='ocrx_word' id='word_1_184' title='bbox 810 1837 1057 1868; x_wconf 85' lang='lat' dir='ltr'>contractus</span> <span class='ocrx_word' id='word_1_185' title='bbox 1097 1839 1342 1882; x_wconf 84' lang='lat' dir='ltr'>expressus:</span> <span class='ocrx_word' id='word_1_186' title='bbox 1372 1825 1626 1882; x_wconf 79' lang='lat' dir='ltr'>negotiorum</span> 
     </span>
     <span class='ocr_line' id='line_1_26' title="bbox 173 1894 1627 1955; baseline -0.001 -15"><span class='ocrx_word' id='word_1_187' title='bbox 173 1899 312 1954; x_wconf 67' lang='lat' dir='ltr'>gestio,</span> <span class='ocrx_word' id='word_1_188' title='bbox 346 1913 427 1954; x_wconf 80' lang='lat' dir='ltr'>qua</span> <span class='ocrx_word' id='word_1_189' title='bbox 462 1898 558 1955; x_wconf 84' lang='lat' dir='ltr'>quis</span> <span class='ocrx_word' id='word_1_190' title='bbox 593 1896 780 1940; x_wconf 84' lang='lat' dir='ltr'>absentis</span> <span class='ocrx_word' id='word_1_191' title='bbox 815 1909 855 1940; x_wconf 92' lang='lat' dir='ltr'>et</span> <span class='ocrx_word' id='word_1_192' title='bbox 890 1897 1136 1953; x_wconf 80' lang='lat' dir='ltr'>ignorantis</span> <span class='ocrx_word' id='word_1_193' title='bbox 1183 1897 1412 1953; x_wconf 87' lang='lat' dir='ltr'>negotium</span> <span class='ocrx_word' id='word_1_194' title='bbox 1463 1894 1627 1939; x_wconf 87' lang='lat' dir='ltr'>utiliter</span> 
     </span>
     <span class='ocr_line' id='line_1_27' title="bbox 178 1965 1626 2026; baseline -0.002 -15"><span class='ocrx_word' id='word_1_195' title='bbox 178 1968 422 2025; x_wconf 76' lang='lat' dir='ltr'>gerendum</span> <span class='ocrx_word' id='word_1_196' title='bbox 471 1969 653 2026; x_wconf 85' lang='lat' dir='ltr'>suscipit</span> <span class='ocrx_word' id='word_1_197' title='bbox 701 1984 752 2011; x_wconf 81' lang='lat' dir='ltr'>ex</span> <span class='ocrx_word' id='word_1_198' title='bbox 800 1969 892 2012; x_wconf 87' lang='lat' dir='ltr'>eius</span> <span class='ocrx_word' id='word_1_199' title='bbox 943 1969 1263 2011; x_wconf 88' lang='lat' dir='ltr'>commissione</span> <span class='ocrx_word' id='word_1_200' title='bbox 1316 1965 1626 2010; x_wconf 84' lang='lat' dir='ltr'>rationabiliter</span> 
     </span>
     <span class='ocr_line' id='line_1_28' title="bbox 181 2041 1059 2097; baseline 0.003 -17"><span class='ocrx_word' id='word_1_201' title='bbox 181 2053 470 2097; x_wconf 82' lang='lat' dir='ltr'>praesumpta,</span> <span class='ocrx_word' id='word_1_202' title='bbox 506 2053 569 2083; x_wconf 88' lang='lat' dir='ltr'>est</span> <span class='ocrx_word' id='word_1_203' title='bbox 605 2052 856 2083; x_wconf 85' lang='lat' dir='ltr'>contractus</span> <span class='ocrx_word' id='word_1_204' title='bbox 891 2041 1059 2084; x_wconf 84' lang='lat' dir='ltr'>tacitus.</span> 
     </span>
    </p>

    <p class='ocr_par' dir='ltr' id='par_1_6' title="bbox 182 2109 1622 2238">
     <span class='ocr_line' id='line_1_29' title="bbox 304 2109 1622 2168; baseline 0 -15"><span class='ocrx_word' id='word_1_205' title='bbox 304 2113 434 2154; x_wconf 80' lang='lat' dir='ltr'>Hisce</span> <span class='ocrx_word' id='word_1_206' title='bbox 468 2111 652 2154; x_wconf 76' lang='lat' dir='ltr'>breviter</span> <span class='ocrx_word' id='word_1_207' title='bbox 687 2112 951 2168; x_wconf 73' lang='lat' dir='ltr'>praemissis,</span> <span class='ocrx_word' id='word_1_208' title='bbox 976 2111 1200 2153; x_wconf 80' lang='lat' dir='ltr'>veniamus</span> <span class='ocrx_word' id='word_1_209' title='bbox 1225 2109 1276 2152; x_wconf 83' lang='lat' dir='ltr'>ad</span> <span class='ocrx_word' id='word_1_210' title='bbox 1298 2109 1473 2163; x_wconf 81' lang='lat' dir='ltr'>thesim,</span> <span class='ocrx_word' id='word_1_211' title='bbox 1500 2124 1622 2167; x_wconf 81' lang='lat' dir='ltr'>quae,</span> 
     </span>
     <span class='ocr_line' id='line_1_30' title="bbox 182 2179 1565 2238; baseline 0 -13"><span class='ocrx_word' id='word_1_212' title='bbox 182 2196 226 2225; x_wconf 89' lang='lat' dir='ltr'>ut</span> <span class='ocrx_word' id='word_1_213' title='bbox 263 2201 310 2225; x_wconf 71' lang='lat' dir='ltr'>ex</span> <span class='ocrx_word' id='word_1_214' title='bbox 348 2185 438 2225; x_wconf 84' lang='lat' dir='ltr'>eius</span> <span class='ocrx_word' id='word_1_215' title='bbox 474 2183 777 2225; x_wconf 84' lang='lat' dir='ltr'>enunciatione</span> <span class='ocrx_word' id='word_1_216' title='bbox 812 2181 921 2224; x_wconf 83' lang='lat' dir='ltr'>clare</span> <span class='ocrx_word' id='word_1_217' title='bbox 956 2193 1086 2238; x_wconf 83' lang='lat' dir='ltr'>patet,</span> <span class='ocrx_word' id='word_1_218' title='bbox 1121 2193 1207 2224; x_wconf 88' lang='lat' dir='ltr'>tres</span> <span class='ocrx_word' id='word_1_219' title='bbox 1242 2179 1369 2223; x_wconf 87' lang='lat' dir='ltr'>habet</span> <span class='ocrx_word' id='word_1_220' title='bbox 1407 2193 1565 2238; x_wconf 72' lang='lat' dir='ltr'>partes·</span> 
     </span>
    </p>

    <p class='ocr_par' dir='ltr' id='par_1_7' title="bbox 179 2250 1623 2383">
     <span class='ocr_line' id='line_1_31' title="bbox 302 2250 1623 2298; baseline -0.003 0"><span class='ocrx_word' id='word_1_221' title='bbox 302 2257 369 2298; x_wconf 79' lang='lat'>86.</span> <span class='ocrx_word' id='word_1_222' title='bbox 410 2257 795 2298; x_wconf 71' lang='lat' dir='ltr'><strong>DEMONSTRATIO.</strong></span> <span class='ocrx_word' id='word_1_223' title='bbox 831 2254 863 2296; x_wconf 93' lang='lat' dir='ltr'>I.</span> <span class='ocrx_word' id='word_1_224' title='bbox 892 2252 1029 2295; x_wconf 82' lang='lat' dir='ltr'>Multa</span> <span class='ocrx_word' id='word_1_225' title='bbox 1071 2251 1226 2295; x_wconf 83' lang='lat' dir='ltr'>dantur</span> <span class='ocrx_word' id='word_1_226' title='bbox 1276 2253 1368 2295; x_wconf 88' lang='lat' dir='ltr'>iura</span> <span class='ocrx_word' id='word_1_227' title='bbox 1416 2250 1623 2295; x_wconf 82' lang='lat' dir='ltr'>alienabi-</span> 
     </span>
     <span class='ocr_line' id='line_1_32' title="bbox 179 2323 1621 2383; baseline -0.001 -16"><span class='ocrx_word' id='word_1_228' title='bbox 179 2326 234 2368; x_wconf 64' lang='lat' dir='ltr'>lia</span> <span class='ocrx_word' id='word_1_229' title='bbox 294 2326 348 2383; x_wconf 79' lang='lat'>1):</span> <span class='ocrx_word' id='word_1_230' title='bbox 386 2325 465 2368; x_wconf 81' lang='lat' dir='ltr'>tale</span> <span class='ocrx_word' id='word_1_231' title='bbox 500 2327 583 2382; x_wconf 81' lang='lat' dir='ltr'>ius,</span> <span class='ocrx_word' id='word_1_232' title='bbox 620 2340 694 2382; x_wconf 82' lang='lat' dir='ltr'>per</span> <span class='ocrx_word' id='word_1_233' title='bbox 734 2342 777 2367; x_wconf 80' lang='lat' dir='ltr'>se</span> <span class='ocrx_word' id='word_1_234' title='bbox 826 2323 1066 2381; x_wconf 86' lang='lat' dir='ltr'>loquendo,</span> <span class='ocrx_word' id='word_1_235' title='bbox 1102 2336 1165 2366; x_wconf 87' lang='lat' dir='ltr'>est</span> <span class='ocrx_word' id='word_1_236' title='bbox 1216 2323 1465 2367; x_wconf 88' lang='lat' dir='ltr'>dominium</span> <span class='ocrx_word' id='word_1_237' title='bbox 1515 2337 1621 2380; x_wconf 87' lang='lat' dir='ltr'>pro-</span> 
     </span>
    </p>
   </div>
   <div class='ocr_carea' id='block_1_3' title="bbox 184 2505 1623 2615">
    <p class='ocr_par' dir='ltr' id='par_1_8' title="bbox 184 2505 1623 2615">
     <span class='ocr_line' id='line_1_33' title="bbox 274 2505 1623 2554; baseline -0.001 -12"><span class='ocrx_word' id='word_1_238' title='bbox 274 2511 326 2554; x_wconf 72' lang='grc' dir='ltr'>(ι)</span> <span class='ocrx_word' id='word_1_239' title='bbox 353 2510 445 2542; x_wconf 68' lang='lat' dir='ltr'>Vide</span> <span class='ocrx_word' id='word_1_240' title='bbox 463 2521 513 2545; x_wconf 74' lang='lat' dir='ltr'>ea,</span> <span class='ocrx_word' id='word_1_241' title='bbox 532 2520 623 2553; x_wconf 71' lang='lat' dir='ltr'>quae</span> <span class='ocrx_word' id='word_1_242' title='bbox 640 2508 682 2542; x_wconf 74' lang='lat' dir='ltr'>de</span> <span class='ocrx_word' id='word_1_243' title='bbox 698 2509 764 2541; x_wconf 76' lang='lat' dir='ltr'>hac</span> <span class='ocrx_word' id='word_1_244' title='bbox 787 2507 919 2542; x_wconf 73' lang='lat' dir='ltr'>itu-ium</span> <span class='ocrx_word' id='word_1_245' title='bbox 939 2507 1122 2541; x_wconf 78' lang='lat' dir='ltr'>divisione</span> <span class='ocrx_word' id='word_1_246' title='bbox 1150 2506 1308 2540; x_wconf 80' lang='lat' dir='ltr'>diximus</span> <span class='ocrx_word' id='word_1_247' title='bbox 1334 2517 1452 2552; x_wconf 86' lang='lat' dir='ltr'>super.</span> <span class='ocrx_word' id='word_1_248' title='bbox 1467 2505 1559 2539; x_wconf 85' lang='lat' dir='ltr'>thes.</span> <span class='ocrx_word' id='word_1_249' title='bbox 1576 2505 1623 2541; x_wconf 82' lang='grc' dir='ltr'>ΙΙ.</span> 
     </span>
     <span class='ocr_line' id='line_1_34' title="bbox 184 2568 350 2615; baseline 0.012 -14"><span class='ocrx_word' id='word_1_250' title='bbox 184 2581 264 2615; x_wconf 83' lang='lat' dir='ltr'>pag.</span> <span class='ocrx_word' id='word_1_251' title='bbox 296 2568 350 2612; x_wconf 65' lang='lat'>36„</span> 
     </span>
    </p>
   </div>
  </div>
 </body>
</html>
