1737 2802
710 106 766 111 ,.
801 93 885 136 209
920 106 975 111 .-

309 174 366 217 20.
403 174 494 227 Qui
519 172 570 217 de
593 173 703 217 facto
738 174 904 218 divinae
928 174 1198 218 revelationis
1228 175 1403 230 dubitat,
1428 189 1554 236 atque

131 247 313 305 negligit
344 247 578 305 inquirere,
603 259 749 289 utrum
774 263 821 290 ea
854 263 1000 305 reapse
1024 248 1174 291 existat
1196 263 1346 305 necne,
1369 250 1403 292 is
1427 251 1555 293 etiam

129 317 272 378 legem
304 318 437 362 violat
478 318 728 362 naturalem.
766 320 883 362 Haec
927 320 1043 363 enim
1076 319 1157 377 lex,
1190 333 1237 363 ut
1285 320 1379 364 data
1428 337 1559 379 opera

133 392 440 450 explicavimus
474 389 556 434 alio
602 389 698 434 loco
734 390 810 449 (Ι),
843 390 894 434 ad
938 391 1025 434 duo
1058 406 1137 434 nos
1186 391 1361 450 obligat,
1398 409 1554 451 nempe

133 480 221 508 non
256 462 390 507 modo
425 463 476 506 ad
504 462 769 506 voluntatem
794 463 877 506 Dei
902 475 1015 506 certo
1051 464 1267 521 cognitam
1294 464 1557 522 implendam

134 538 210 596 (ne
244 536 427 579 scienter
459 551 552 578 eam
588 534 840 593 violemus),
875 534 948 578 sed
981 537 1109 578 etiam
1144 536 1195 580 ad
1228 536 1377 580 sedulo
1410 538 1558 595 inqui—

135 607 319 652 rendum
353 607 395 650 in
428 606 697 650 voluntatem
732 607 812 649 Dei
845 605 920 665 (ne
954 622 1047 650 eam
1081 608 1446 665 transgrediamur
1484 624 1559 668 per

135 679 380 740 inquirendi
415 679 753 737 negligentiam).
788 679 935 721 Posita
968 691 1110 722 autem
1145 680 1228 723 Dei
1263 680 1313 724 ad
1362 681 1560 726 homines

135 753 372 806 locutione,
407 752 549 796 existit
596 767 715 804 sane,
766 763 811 793 ut
860 750 986 809 paulo
1022 763 1117 794 ante
1165 750 1426 806 dicebamus,
1460 753 1563 798 haec

137 825 219 869 Dei
253 823 471 877 voluntas,
507 822 590 865 hoc
613 823 693 866 Dei
717 821 984 877 mandatum,
1010 822 1062 866 de
1084 823 1278 866 revelatis
1311 824 1561 868 veritatibus

140 908 317 956 propter
352 896 651 939 auctoritatem
696 896 778 938 Dei
825 893 1040 953 loquentis
1081 894 1263 939 firmiter
1295 896 1343 940 ab
1386 897 1563 941 homine

136 969 342 1013 tenendis.
379 994 431 1000 -—
467 968 660 1011 Examen
708 983 839 1025 porro
888 980 928 1010 et
975 969 1216 1026 inquisitio,
1262 985 1391 1027 quam
1441 968 1565 1013 debet

137 1040 323 1084 humana
357 1041 462 1082 ratio
496 1039 735 1092 instituere,
769 1051 930 1097 spectat
962 1055 1051 1082 non.
1085 1039 1168 1082 iam
1218 1040 1446 1083 doctrinam
1493 1056 1564 1084 re-

137 1111 337 1164 velatam,
372 1123 519 1154 utrum
554 1126 600 1153 ea
633 1126 730 1153 vera
765 1111 818 1153 sit
851 1126 985 1153 necne
1022 1111 1123 1167 (hoc
1148 1112 1263 1154 enim
1299 1111 1468 1155 divinae
1493 1127 1564 1156 ve-

137 1184 252 1228 ritati
286 1183 483 1226 iniuriam
520 1180 726 1238 inferret),
761 1181 834 1225 sed
868 1181 1175 1225 tantummodo
1198 1182 1369 1240 factum
1402 1182 1565 1226 revela-

137 1256 282 1299 tionis,
315 1255 537 1312 Inquirere
572 1253 760 1296 humana
794 1254 900 1297 ratio
935 1253 1073 1306 debet,
1108 1265 1255 1297 utrum
1289 1270 1422 1298 necne
1445 1255 1565 1298 Deus

137 1342 285 1385 reapse
318 1327 370 1369 sit
402 1327 586 1369 locutus:
617 1325 887 1369 revelationis
921 1338 1062 1369 autem
1087 1325 1199 1369 facto
1224 1328 1415 1384 cognito,
1440 1326 1565 1370 debet

139 1400 179 1442 ei
212 1398 380 1457 penitus
415 1397 681 1455 acquiescere
713 1396 799 1455 (2).

259 1470 320 1513 Ut
353 1468 435 1512 hoc
477 1468 669 1512 debitum
715 1467 880 1511 divinae
929 1467 1247 1525 amplectendae
1291 1468 1565 1514 revelationis

143 1542 400 1599 impugnent
441 1555 488 1582 ac
525 1540 733 1592 reiiciant,
780 1539 915 1582 multa
960 1552 1199 1596 congerunt
1242 1541 1567 1595 Rationalistae,

144 1613 424 1671 potissimum
452 1626 556 1654 vero
580 1611 684 1654 haec
719 1610 805 1654 duo
830 1636 885 1644 -—
910 1612 1112 1668 mysteria
1146 1627 1238 1655 esse
1262 1613 1457 1656 veritates
1481 1629 1570 1658 non

143 1683 361 1728 evidentes
404 1708 461 1716 —-
503 1683 709 1740 mysteria
756 1698 847 1726 esse
898 1684 1234 1740 propositiones,
1282 1683 1332 1727 de
1383 1700 1566 1742 quarum

145 1756 342 1801 terminis
390 1754 530 1798 ideam
575 1770 650 1797 seu
701 1755 998 1812 cognitionem
1046 1769 1133 1798 non
1180 1754 1404 1800 habemus.
1453 1757 1572 1801 Haec

147 1840 290 1871 autem
324 1826 464 1870 solves
499 1825 807 1883 distinguendo
842 1825 1058 1885 duplicem
1093 1826 1372 1885 evidentiam,
1396 1828 1572 1872 alteram

147 2030 280 2068 inferre
306 2031 490 2073 iniuriam,
517 2040 576 2066 aut
603 2031 670 2066 Dei
695 2031 851 2066 scientiae
877 2039 912 2066 et
928 2032 1126 2075 venenati,
1145 2043 1228 2066 cum
1256 2043 1340 2067 eum
1367 2033 1498 2068 erroris
1516 2033 1574 2068 vel

147 2090 283 2126 fraudis
307 2101 383 2125 non
409 2099 594 2137 expertem
622 2091 751 2134 innuit,
778 2099 837 2126 aut
867 2092 935 2125 Dei
965 2092 1165 2138 sapientiae,
1193 2103 1274 2126 cum
1317 2103 1399 2126 eum
1440 2094 1575 2139 absque

147 2150 305 2185 consilio
331 2161 437 2196 agere
465 2159 499 2185 et
525 2150 626 2197 loqui
664 2152 847 2197 opinatur,
875 2160 936 2186 aut
972 2157 1131 2198 supremo
1157 2153 1229 2186 eius
1254 2150 1415 2195 dominio,
1444 2153 1499 2187 cui
1537 2164 1575 2188 se

147 2221 223 2245 non
249 2209 324 2244 vult
353 2210 576 2254 submittere,
603 2210 698 2244 unde
737 2211 848 2245 etiam
885 2219 1054 2245 aeternae
1093 2211 1340 2246 damnationis
1366 2223 1446 2246 reus
1484 2223 1575 2258 pro-

150 2268 354 2303 nunciatur.
381 2282 396 2300 »
429 2269 543 2303 Cone.
571 2269 705 2304 Colon.
733 2269 848 2314 (decr.
878 2281 912 2315 p.
945 2280 974 2305 1.
1003 2282 1032 2304 c.
1059 2280 1091 2313 4.
1109 2270 1136 2313 ).

245 2328 301 2373 (1)
326 2327 418 2363 Vide
445 2338 565 2374 super.
593 2329 666 2364 vol.
698 2340 724 2364 1.
753 2329 844 2364 thes.
872 2329 958 2372 LII.‚
986 2341 1078 2376 quae
1105 2330 1148 2364 de
1175 2332 1375 2365 conscientia
1396 2331 1479 2377 agit.

245 2387 297 2432 (2)
324 2386 380 2420 Ad
409 2398 484 2421 rem
511 2386 705 2433 Taparelli,
731 2389 850 2434 saggio
878 2393 995 2424 teoret.
1026 2388 1163 2424 dissert.
1196 2400 1219 2424 1.
1249 2390 1390 2436 cap.IX.
1419 2402 1453 2424 n.
1481 2399 1575 2432 242.:

155 2461 173 2479 «
198 2447 322 2481 Tocca
348 2446 416 2480 alla
443 2446 596 2492 ragione
614 2448 826 2490 esaminare‚
846 2459 882 2483 se
901 2449 973 2483 Dio
1002 2449 1117 2494 parlb:
1137 2461 1196 2483 ma
1222 2458 1401 2484 accertato
1428 2448 1452 2482 il
1474 2448 1578 2492 fatto,

154 2517 191 2541 se
218 2506 252 2541 la
278 2505 430 2553 ragione
456 2517 531 2540 non
561 2516 745 2552 comente,
772 2519 810 2542 se
835 2516 932 2543 terne
959 2508 1024 2543 che
1058 2508 1082 2542 il
1124 2507 1207 2543 Vero
1234 2509 1284 2543 sia
1315 2508 1422 2554 salso,
1450 2508 1521 2543 ella
1559 2510 1579 2543 ὲ

155 2576 225 2600 una
251 2566 402 2613 ragione
427 2566 495 2600 che
523 2566 706 2613 sragiona.
733 2581 751 2598 »

1469 2625 1510 2659 14
