1737 2802
50 237 284 295 gga'tionem
332 235 489 294 aliquid
536 237 830 295 permittendi,
863 237 1067 282 reddendi
1117 252 1189 284 aut
1237 255 1324 284 non
1373 243 1493 288 aufe-

53 307 203 354 rendi.
799 301 802 304 ⁴

185 381 284 424 Hoc
315 393 448 437 porro
482 379 640 423 factum
676 379 742 424 vel
776 393 839 424 est
886 381 977 439 ipsa
1019 380 1211 426 hominis
1259 397 1406 429 natura
1452 398 1493 429 et

51 451 304 507 ·-existentia,
337 449 403 494 vel
437 463 499 494 est
530 449 693 509 aliquid
726 464 898 495 naturae
932 453 1015 495 iam
1049 453 1091 496 in
1127 469 1207 497 suo
1240 470 1333 499 esse
1382 472 1490 500 con-

51 522 237 565 stitutae
270 521 476 565 accedens
510 537 692 580 eamque
727 523 770 566 in
794 522 1018 567 individuo
1052 523 1356 571 determinans.
1379 529 1492 572 Hinc

52 606 209 637 autem
244 593 383 636 oritur
433 593 588 636 divisio
637 594 798 637 iurium
847 595 889 638 in
937 598 1144 653 congenita
1187 609 1227 641 et
1275 601 1488 658 acquisita.

66 665 215 709 Priora
247 677 347 708 sunt
370 664 455 718 illa,
493 681 601 723 quae
624 665 692 709 lex
727 665 891 709 confert
915 666 1080 710 homini
1117 668 1367 727 simpliciter
1390 686 1491 729 qua-

67 749 192 780 tenus
225 748 267 780 et
299 737 397 794 quia
431 735 566 779 homo
601 749 678 790 est,
711 737 802 779 sive
835 752 887 780 eo
920 737 1016 795 ipso
1051 738 1168 797 quod
1190 753 1384 784 naturam
1418 741 1490 786 ha-

22 861 28 869 ,
51 807 134 852 :bet
166 808 412 851 humanam:
438 807 575 865 qualia
604 821 704 851 sunt
726 809 791 851 ius
826 808 1027 852 tendendi
1051 811 1093 853 in
1117 811 1321 855 ultimum
1345 812 1490 871 finem,

64 881 131 924 ius
164 877 216 922 ad
247 879 358 921 vitae
390 880 784 936 conservationem,
808 880 872 922 ius
896 879 947 923 ad
970 880 1036 923 sui
1061 880 1388 939 perfectionem,
1422 885 1489 928 ius

58 949 419 1008 independentiae
452 951 495 993 in
527 949 644 993 licito
678 966 853 994 suarum
888 949 1134 995 facultatum
1171 954 1389 1007 exercitio,
1423 956 1489 999 ius

64 1021 343 1073 defensionis,
377 1022 444 1064 ius
478 1021 728 1079 acquirendi
777 1021 856 1065 sibi
906 1021 1053 1066 stabile
1097 1022 1340 1067 dominium
1384 1042 1490 1083 pro-

65 1094 254 1153 prietatis
289 1106 366 1136 etc.
402 1094 519 1136 Haec
552 1094 643 1136 iura
676 1105 909 1136 nascuntur
942 1109 1040 1136 cum
1075 1095 1170 1152 ipso
1214 1094 1409 1150 homine,
1446 1098 1489 1140 in

48 1180 202 1223 >eoque
233 1165 473 1207 necessario
498 1164 772 1220 reperiuntur
799 1180 849 1207 ex
871 1163 966 1207 solo
991 1164 1220 1209 nativitatis
1242 1165 1366 1211 facto:
1392 1167 1490 1212 hinc

65 1238 223 1280 merito
255 1237 462 1293 congenita
494 1247 716 1278 vocantur.
742 1236 989 1279 Posteriora
1012 1252 1114 1279 vero
1143 1250 1242 1281 sunt
1276 1238 1359 1293 illa,
1382 1255 1489 1298 quae

68 1307 136 1351 lex
169 1306 319 1350 tribuit
351 1305 473 1349 alicui
507 1305 561 1349 ob
585 1306 782 1363 specialia
816 1305 922 1350 facta
944 1306 1008 1350 vel
1033 1307 1271 1365 personalia
1295 1310 1498 1355 adiuncta·

48 1395 139 1423 :seu
171 1378 227 1422 ob
250 1377 550 1437 particularem
574 1390 731 1421 statum
755 1378 820 1421 vel
848 1378 1157 1437 conditionem,
1181 1382 1222 1423 in
1250 1397 1331 1439 qua
1354 1381 1489 1427 homo

63 1451 133 1496 ille
166 1451 388 1509 reperitur:
414 1449 551 1508 qualia
574 1462 675 1493 sunt
709 1450 815 1504 iura,
841 1466 948 1508 quae
970 1450 1134 1493 licitum
1159 1453 1357 1510 propriae
1379 1456 1488 1497 acti-

50 1523 204 1566 ·vitatis
237 1521 487 1565 exercitium
521 1533 890 1579 praesupponunt,
914 1520 979 1564 vel
1012 1522 1137 1564 etiam
1175 1521 1259 1575 illa,
1295 1539 1402 1581 quae
1425 1525 1489 1569 al-

47 1594 198 1637 ·terius
242 1593 454 1635 actionem
500 1604 843 1649 consequuntur,
879 1608 914 1635 e.
949 1608 988 1649 g.
1038 1592 1200 1636 actuale
1243 1593 1485 1639 dominium

64 1664 336 1723 proprietatis
371 1663 414 1705 in
447 1662 561 1706 hunc
595 1678 747 1720 agrum
781 1661 848 1706 vel
872 1664 914 1705 in
939 1662 1045 1706 hanc
1079 1663 1261 1706 domum
1292 1680 1344 1708 ex
1376 1665 1502 1710 facto,

48 1735 358 1793 voccupationis
391 1733 457 1777 vel
490 1734 736 1778 hereditatis
769 1749 1016 1792 exsurgens.
1043 1761 1094 1766 —
1127 1735 1223 1778 Iura
1258 1739 1485 1793 congenita

61 1807 147 1851 dici
179 1808 307 1850 etiam
332 1805 471 1850 solent
495 1808 655 1862 innata,
688 1805 891 1862 absoluta,
919 1808 1137 1864 primitiva
1160 1805 1226 1849 vel
1255 1809 1494 1854 naturalia.-

62 1879 156 1922 iura
178 1891 320 1922 autem
343 1878 547 1935 acquisita
568 1890 776 1920 vocantur
799 1880 927 1921 etiam
949 1878 1196 1930 adventitia,
1223 1878 1493 1938 hypothetica,

45 1949 299 1995 ‚secundaria
332 1948 397 1993 vel
425 1950 621 2007 positiva.

182 2021 320 2064 Porro
353 2021 443 2064 iura
486 2019 605 2072 haec,
639 2020 728 2063 sive
778 2021 1005 2077 congenita
1052 2021 1143 2063 sive
1190 2021 1410 2078 acquisita,
1443 2039 1494 2066 se

61 2092 219 2137 habent
251 2091 489 2151 dupliciter.
517 2091 746 2145 Quaedam
781 2092 896 2134 enim
922 2103 1021 2134 sunt
1054 2092 1135 2149 ipsi
1168 2091 1360 2136 subiecto
1384 2094 1495 2137 iuris

46 2164 301 2208 vnecessaria
333 2163 384 2207 ad
418 2163 616 2221 aliquam,
650 2178 732 2220 qua
765 2175 948 2219 tenetur,
972 2161 1279 2218 obligationem
1303 2164 1487 2222 implen-

49 2234 178 2279 dam:
213 2234 335 2293 quale
368 2247 431 2278 est
466 2251 501 2278 e.
536 2250 576 2292 g.
612 2235 654 2277 in
689 2246 806 2293 patre
838 2235 903 2277 ius
938 2233 987 2277 ad
1037 2233 1324 2278 obedientiam
1371 2235 1492 2280 filio-

62 2320 178 2363 rum,
211 2306 326 2364 quod
361 2306 520 2349 scilicet
553 2307 620 2348 ius
653 2319 717 2348 est
752 2306 858 2363 patri
894 2307 1183 2349 necessarium
1216 2306 1267 2349 ad
1304 2306 1492 2364 implen-

46 2375 169 2420 dum
212 2376 402 2420 naturale
450 2376 657 2433 officium,
693 2393 781 2435 quo
829 2376 1129 2434 adstringitur,
1162 2378 1490 2422 convenientem

46 2446 160 2491 >filiis
194 2447 493 2492 educationem
528 2447 768 2506 praebendi.
805 2448 916 2492 Sunt
949 2460 1095 2492 autem
1129 2447 1205 2491 alia
1242 2449 1347 2501 iura,
1383 2465 1493 2507 quae

63 2532 151 2562 non
185 2531 285 2562 sunt
317 2519 369 2562 ad
403 2519 587 2577 aliquam
623 2518 933 2576 obligationem
988 2518 1250 2578 implendam
1298 2518 1494 2563 subiecto

49 2589 169 2633 juris
200 2591 448 2634 necessaria:
499 2590 621 2649 quale
654 2606 688 2634 e.
723 2606 762 2648 g.
797 2603 861 2635 est
910 2591 975 2633 ius
1019 2589 1263 2648 postulandi
1297 2606 1318 2633 a
1351 2590 1493 2635 iudice
