1737 2802
669 114 939 171 —287-

87 214 212 258 Tituri
244 212 331 256 sint
363 211 435 268 qui
462 209 686 253 bonorum
727 209 1167 252 communicationem
1217 206 1410 263 fecerint,
1443 206 1519 250 sed

86 285 223 328 etiam
255 294 362 340 quot
394 280 571 324 bonis.»

209 353 258 414 β)
291 354 424 405 Bona,
443 367 550 409 quae
573 352 717 394 statim
741 366 815 408 per
840 350 1135 394 exclusionem
1160 348 1341 392 dominii
1367 349 1518 406 privati

87 427 362 477 tollerentur,
397 424 516 481 plura
549 435 662 466 sunt.
702 448 753 454 -
792 423 947 478 Primo,
981 421 1147 464 tollitur
1182 420 1321 464 debita
1355 435 1454 463 cura
1476 435 1522 463 ac

89 498 314 556 diligentia
347 498 388 539 in
424 494 669 539 excolendis
703 494 830 550 agris,
863 494 906 536 in
951 492 1255 536 conservandis
1299 491 1522 549 fructibus,

95 584 136 616 et
170 567 453 628 procurandis
487 568 538 609 iis
572 581 680 624 quae
714 565 764 608 ad
788 566 920 608 vitam
948 565 1181 607 humanam
1206 563 1398 606 maxime
1421 576 1521 606 sunt

89 641 344 686 necessaria:
381 638 630 681 communia
665 637 778 679 enim
830 634 950 678 facile
998 635 1291 692 negliguntur.
1331 634 1520 678 Ἥκιστοι

87 712 180 775 ’γὰρ
214 704 464 769 ἐπιμελείας
496 707 713 767 τυγχάνει
747 706 794 749 το
830 705 1043 750 πλείστων
1091 703 1252 750 κοινόν·
1302 711 1386 749 τῶν
1434 705 1520 766 γὰρ

95 783 212 828 ἰδίων
247 781 450 841 μάλιστα
486 777 802 839 φροντίζουσιν,
826 782 911 820 τῶν
946 773 989 822 δὲ
1013 783 1168 820 κοινων
1202 773 1348 833 ἧττον,
1371 778 1396 829 ἦ
1421 777 1521 821 ὅσον

89 854 263 912 ’ἑκάστῳ
297 850 538 911 ἐπιβάλλει.
566 849 678 909 Πρὸς
713 849 798 910 γὰρ
834 854 921 902 τοῖς
957 848 1110 900 ἄλλοις
1144 848 1200 901 ὡς
1234 846 1373 912 ἑτέρου
1399 863 1522 910 φρον-

87 922 306 980 τίζοντοῒς
340 922 604 986 ὀλιγωροῦσι
639 920 830 980 μᾶλλον,
866 919 1005 981 ὥσπερ
1050 919 1090 962 ἐν
1137 925 1238 972 τοιῒς
1284 919 1522 973 οἰκετικαῖς

94 991 344 1047 διακονίαις
380 993 417 1037 οἳ
452 989 607 1036 πολλοὶ
648 991 906 1054 θεράποντες
941 988 1069 1034 ἐνίοτε
1092 996 1237 1052 χεῖρον
1261 991 1524 1052 ὑπηρετοῦσι

87 1074 179 1113 τῶν
213 1065 474 1111 ἐλαττόνων.
516 1066 788 1107 «Minimum
824 1063 1069 1120 diligentiae
1107 1064 1316 1120 contingit
1339 1064 1448 1106 circa
1481 1063 1523 1106 id

88 1139 213 1199 quod
246 1139 539 1197 plurimorum
586 1151 824 1179 commune
858 1147 934 1177 est:
974 1135 1149 1192 propria
1182 1135 1295 1177 enim
1336 1136 1523 1178 maxime

93 1224 257 1266 curant,
293 1209 544 1252 communia
578 1208 736 1263 minus,
772 1219 843 1248 aut
879 1218 1090 1262 quantum
1125 1205 1176 1248 ad
1215 1205 1432 1263 quemque
1465 1219 1524 1249 at-

89 1285 212 1326 tinet.
247 1283 363 1325 Nam
400 1293 564 1337 praeter
597 1279 694 1321 alias
730 1293 894 1329 causaS‚
931 1290 1080 1334 utpote
1115 1278 1247 1321 altero
1273 1294 1418 1320 curam
1452 1294 1524 1334 ge-

91 1366 227 1410 rente,
275 1352 503 1409 negligunt
552 1351 706 1406 magi83
751 1350 859 1391 sicut
908 1350 950 1391 in
1000 1348 1225 1392 servilibus
1275 1350 1523 1392 ministeriis

90 1424 220 1468 multi
254 1423 401 1467 famuli
436 1421 653 1465 interdum
679 1421 865 1464 deterius
903 1421 1146 1463 ministrant
1171 1437 1297 1478 quam
1323 1423 1357 1463 si
1382 1433 1524 1464 essent

90 1498 354 1555 pauciores»
395 1494 479 1553 (1).
517 1494 631 1537 Cum
671 1492 831 1535 scilicet
881 1493 1183 1549 unusquisque
1230 1492 1408 1535 libenter
1443 1491 1522 1535 sibi

88 1567 359 1625 persuadeat,
396 1566 574 1609 alterum
610 1564 904 1608 adhibiturum
939 1579 1032 1606 esse
1057 1563 1171 1605 illam
1207 1579 1369 1620 curam,
1393 1579 1523 1622 quarn

85 1641 180 1696 ipse
214 1639 357 1682 renuit
391 1651 605 1692 exercere,
639 1651 737 1677 cura
759 1634 827 1677 illa
851 1634 899 1677 ab
926 1634 1126 1678 omnibus
1153 1637 1520 1691 praetermittitur.

90 1712 248 1763 Porro,
295 1707 454 1751 sublata
506 1707 645 1750 debita
695 1723 793 1749 cura
828 1706 869 1748 in
917 1704 1166 1749 excolendis
1214 1706 1344 1762 agriS,
1378 1720 1523 1750 actum

97 1781 292 1840 profecto
326 1793 389 1823 est
425 1779 475 1822 de
509 1779 723 1821 humanae
758 1779 867 1821 vitae
899 1779 1165 1836 prosperitate
1198 1783 1266 1834 (με).

191 2003 243 2048 (1)
272 2001 345 2048 Op.
372 2010 405 2036 et
434 2001 456 2035 l.
486 2002 544 2035 cit.
582 2011 662 2046 cap.
707 2010 733 2035 1.
758 2020 807 2026 -—
831 2000 873 2034 Et
901 1999 924 2034 1.
957 2010 982 2034 1.
1010 1999 1220 2034 Oeconom.
1248 2011 1277 2034 c.
1306 1998 1338 2035 6.
1378 2000 1522 2047 legitur:

98 2060 214 2096 οὐῖεὶτ
240 2063 307 2106 γὰρ
335 2061 548 2106 ἐπιμε).εῑτοι
578 2060 705 2103 ὁμοίως
732 2063 798 2090 τῶν
820 2057 1010 2102 ἀλλοτρίων
1034 2059 1093 2090 καὶ.
1109 2062 1176 2091 τῶν
1199 2056 1352 2095 οἰκείων.
1369 2060 1526 2098 «Nemo

90 2121 192 2155 enim
220 2131 342 2166 parem
371 2130 496 2154 curam
523 2118 670 2153 adhibet
697 2118 740 2152 de
774 2117 904 2152 alienis
930 2117 1036 2151 rebus
1063 2126 1170 2164 atque
1197 2117 1241 2152 de
1268 2118 1527 2157 domesticis.»

97 2179 258 2215 Affertur
276 2189 397 2214 autem
419 2179 552 2212 dictum
573 2177 758 2212 cuiusdam
777 2177 918 2218 Persae,
939 2177 995 2222 qui
1016 2176 1271 2222 interrogatus,
1291 2177 1374 2224 quid
1393 2190 1527 2226 equum

94 2240 256 2272 maxime
283 2239 456 2284 pinguem
484 2237 670 2272 efficeret?
697 2237 856 2279 Domini,
884 2235 1012 2282 inquit,
1040 2235 1165 2279 oculus,
1194 2237 1214 2270 i.
1243 2248 1272 2273 e.
1301 2248 1385 2272 cura
1419 2250 1527 2284 prae-

94 2297 175 2332 stita
203 2308 221 2330 a
250 2296 401 2330 domino
431 2296 522 2342 ipso,
549 2296 606 2330 vel
634 2296 678 2330 ab
707 2297 782 2331 eius
809 2306 914 2330 servo
942 2294 1003 2329 sed
1031 2295 1258 2341 inspectante
1285 2296 1450 2333 domino.

189 2356 241 2402 (2)
269 2356 421 2391 Homini
450 2355 600 2390 stimulo
629 2367 720 2401 opus
749 2364 813 2398 est,
841 2364 878 2390 ut
916 2354 1060 2388 assiduo
1089 2364 1122 2390 et
1150 2355 1315 2402 diligenti
1347 2358 1464 2392 labori
1492 2369 1529 2393 se

93 2427 135 2450 se
162 2416 280 2451 dedat.
307 2415 482 2451 stimulus
509 2425 630 2450 autem
659 2424 713 2449 est
741 2416 913 2449 necessitas
940 2423 1046 2461 atque
1083 2420 1153 2461 spes
1191 2415 1290 2451 lucri.
1329 2417 1400 2452 Sed
1439 2417 1530 2453 haec

97 2474 184 2517 duo,
212 2475 241 2509 si
269 2475 597 2509 communistarum
625 2483 784 2520 systema
812 2473 1042 2519 reciperetur,
1070 2473 1140 2508 iam
1170 2486 1244 2509 non
1272 2485 1404 2510 essent.
1431 2477 1530 2523 Ergo

92 2545 143 2570 ne
169 2533 274 2568 labor
301 2533 446 2580 quidem
475 2542 577 2569 esset⁴
605 2533 684 2568 Hoc
712 2542 834 2568 autem
862 2532 1069 2576 deficiente,
1095 2533 1194 2568 nulla
1220 2535 1357 2580 vigeret
1390 2535 1529 2571 cultura

91 2604 270 2640 agrorum
297 2602 571 2640 ceterarumque
597 2593 741 2636 artium,
767 2603 829 2627 seu
857 2592 955 2627 nulla
983 2602 1075 2628 esset
1101 2593 1197 2628 vitae
1220 2596 1444 2642 prosperitas.
