1737 2802
782 131 1053 174 —250—

200 219 301 276 quia
336 216 430 275 plus
466 227 634 260 tenetur
659 214 795 258 homo
828 215 939 257 vitae
963 229 1063 256 suae
1095 211 1336 271 providere,
1361 227 1490 271 quam
1523 213 1637 257 vitae

203 290 375 332 alienae.
411 287 496 331 Sed
530 288 628 345 quia
664 286 859 329 occidere
893 285 1119 329 hominem
1153 300 1241 328 non
1274 284 1389 338 licet,
1425 285 1506 328 nisi
1553 301 1638 343 pu-

202 361 307 403 blica
341 360 591 402 auctoritate
627 370 802 415 propter
835 356 998 400 bonum
1035 371 1283 413 commune,
1319 355 1517 399 illicitum
1552 368 1634 408 est,

201 430 319 490 quod
354 430 488 473 homo
523 428 713 472 intendat
746 427 941 472 occidere
974 427 1216 480 hominem,
1252 439 1299 470 ut
1334 428 1528 485 seipsum·
1561 426 1633 470 de·

204 504 360 558 fendat,
397 503 475 545 nisi
510 503 564 557 ci,
601 503 672 559 qui
707 500 830 544 habet
865 499 1079 559 publicam
1112 500 1429 557 auctoritatem,
1458 500 1530 558 qui
1564 500 1635 542 in-

201 576 380 620 tendens
416 575 640 617 hominem
666 574 859 616 occidere
884 572 933 616 ad
958 573 1023 614 sui
1058 571 1372 625 defensionem,
1399 570 1528 615 refert
1549 570 1634 615 hoc

199 648 250 692 ad
286 646 506 705 publicum
540 644 720 700 bonum,
754 657 798 686 ut
834 655 947 701 patet
982 643 1023 685 in
1059 641 1196 685 milite
1230 654 1450 700 pugnante
1485 653 1636 685 contra

200 719 362 775 hostes,
396 731 437 761 et
481 719 523 760 in
576 718 774 759 ministro
810 716 962 759 iudicis
998 728 1217 773 pugnante
1251 728 1399 758 contra
1433 713 1640 758 latrones:

200 791 396 849 quamvis
447 790 575 832 etiam
626 789 693 831 isti
735 800 925 845 peccent,
959 788 992 830 si
1043 787 1204 844 privata
1255 785 1430 829 libidine
1480 801 1641 829 move-

201 875 379 905 antur.»

323 934 379 988 30.
415 934 574 986 Restat,
610 945 654 974 ut
708 932 954 993 praecipuas
1005 930 1267 974 obiectiones
1315 929 1549 974 solvamus.
1583 953 1643 962 —·

201 1006 366 1048 Dicunt
401 1004 450 1063 α)
484 1005 702 1047 neminem
737 1018 865 1060 posse
901 1002 1091 1059 seipsum
1135 1000 1297 1044 salvare
1331 1015 1431 1044 cum
1480 999 1642 1044 damno

203 1077 269 1120 vel
304 1075 589 1119 incommodo
626 1075 826 1133 proximi.
852 1099 909 1107 —
933 1075 1214 1131 Di5t1'7zgzt0....
1251 1074 1285 1115 si
1308 1071 1515 1116 damnum
1540 1088 1641 1130 pro-

199 1150 320 1192 ximo
358 1146 594 1204 inferendo,
631 1146 753 1190 faciat
801 1146 858 1188 illi
909 1146 1109 1188 iniuriam
1143 1160 1265 1198 conc„
1303 1145 1337 1188 si
1377 1159 1467 1188 non·
1514 1143 1637 1189 faciat

200 1219 259 1262 illi
296 1220 496 1262 iniuriam
532 1234 638 1275 nego.
679 1218 871 1260 «Homo
917 1217 1127 1274 privatus,
1162 1228 1208 1258 ut
1252 1228 1365 1259 recte
1397 1216 1452 1258 ait
1501 1215 1639 1259 Beca-

201 1307 279 1334 nus
314 1292 389 1348 (Ji,
424 1292 497 1349 qui
532 1306 581 1333 ex
632 1290 803 1332 caritate
837 1288 980 1346 diligit
1029 1303 1073 1331 se
1108 1300 1148 1331 et
1182 1288 1438 1345 proximum
1486 1302 1634 1340 suum,

199 1375 342 1420 potest
375 1362 614 1405 secundum
649 1360 850 1404 ordinem
886 1361 1069 1403 caritatis
1105 1358 1317 1418 praeferre
1351 1375 1396 1402 se
1419 1359 1639 1417 proximo:

200 1447 245 1477 ut
279 1435 314 1477 si
348 1446 543 1477 occurrat
578 1448 715 1490 casuS,
748 1433 791 1476 in
827 1448 914 1491 quo
948 1431 1014 1476 vel
1049 1433 1140 1490 ipse
1183 1430 1250 1475 vel
1282 1431 1510 1489 proximus
1555 1429 1637 1474 de-

199 1506 293 1549 beat
328 1507 411 1564 pati
445 1505 618 1564 aliquod
643 1504 850 1548 damnum
886 1504 951 1547 vel
976 1503 1323 1560 incommodum,
1348 1514 1489 1561 potest
1521 1503 1636 1546 salva

200 1579 368 1622 caritate
394 1579 585 1636 seipsum
620 1575 780 1619 salvare
804 1591 903 1619 cum
938 1575 1096 1619 damno
1121 1573 1185 1618 vel
1219 1573 1504 1618 incommodo
1527 1589 1632 1632 pro-

199 1722 320 1764 cuius
356 1722 442 1764 vita
473 1721 629 1763 iniuste
664 1720 904 1777 impetitur,
936 1734 1024 1762 non
1058 1720 1233 1776 irrogat,
1269 1730 1314 1761 ut
1362 1717 1445 1761 iarn
1494 1716 1634 1761 decla·

199 1793 405 1849 ravimus,
440 1792 641 1834 iniuriam
676 1791 936 1848 aggressori,
973 1802 1161 1833 mortem
1193 1790 1231 1833 ei
1265 1788 1503 1833 inferendo.

319 1866 453 1907 Aiunt
486 1862 543 1923 β)
577 1878 665 1906 non
698 1863 824 1906 licere
860 1861 1021 1905 malum
1049 1860 1199 1918 facere,
1222 1873 1269 1904 ut
1291 1861 1432 1904 veniat
1454 1859 1638 1904 bonum.

198 1960 255 1969 —
291 1936 524 1992 Distinguo:
558 1950 645 1977 non
679 1947 742 1977 est
793 1932 1126 1992 perpetrandum
1177 1932 1339 1976 malum
1388 1931 1540 1976 morale
1588 1944 1634 1974 ut

198 2006 340 2049 veniat
381 2005 545 2048 bonum
594 2020 715 2062 conc„
748 2020 837 2048 non
871 2017 935 2047 est
983 2003 1256 2048 inferendum
1300 2003 1420 2047 alteri
1469 2001 1634 2046 malum

194 2078 408 2136 physicum
442 2076 508 2121 vel
541 2076 748 2121 damnum
781 2076 911 2133 subd„
945 2077 980 2120 si
1029 2075 1238 2120 damnum
1285 2076 1339 2118 sit
1390 2075 1542 2118 iniuria
1589 2075 1634 2118 in

198 2149 448 2206 proximum
483 2164 607 2201 conc„
632 2149 665 2190 si
703 2163 790 2191 non
825 2148 879 2191 sit
913 2147 1071 2191 iniuria
1104 2147 1146 2190 in
1173 2147 1425 2205 proximum
1455 2146 1500 2191 it.
1524 2145 1640 2202 dist.,

198 2235 286 2263 non
320 2221 419 2264 licet
453 2220 604 2277 inferre
638 2220 847 2264 damnum
882 2235 993 2277 nego,
1027 2218 1236 2262 damnum
1273 2217 1396 2262 debet
1444 2233 1533 2262 non
1565 2218 1639 2261 in-

199 2292 312 2336 tendi
347 2292 421 2336 sed
456 2293 602 2350 potius
633 2292 821 2350 permitti
852 2306 959 2335 conc.
1002 2291 1121 2334 Haec
1163 2289 1333 2334 videtur
1377 2304 1470 2334 esse
1514 2304 1640 2334 mens

294 2513 348 2559 (1)
373 2512 540 2549 Manuale
567 2521 733 2549 controv.
759 2510 780 2546 l.
810 2511 871 2547 IV.
899 2522 927 2546 c.
955 2520 990 2553 4.
