1737 2802
556 395 959 478 INDEX

310 556 602 610 RERUM
652 557 1194 611 SYNOPTICUS

512 955 682 1008 PARS
721 955 1002 1008 ALTERA

323 1098 661 1134 PHILOSOPHIA
689 1099 909 1135 MORALIS
936 1097 1181 1135 SPECIALIS

32 1284 241 1328 CAPUT
275 1285 306 1327 Ι.
340 1309 398 1317 -
432 1287 503 1329 De
535 1287 641 1329 iure
673 1289 723 1330 et
754 1286 916 1329 officio
949 1287 1001 1329 in
1034 1298 1217 1340 genere
1239 1298 1351 1329 con-

214 1358 446 1400 sideratis
450 1390 1347 1402 .............
1443 1372 1466 1413 9

137 1438 167 1464 1.
199 1428 533 1474 Anacephalaeosis
560 1430 671 1474 partis
698 1429 838 1475 prioris.
917 1457 1347 1467 ........
1424 1432 1471 1467 ib.

131 1498 161 1524 2.
187 1490 457 1534 Argumentum
486 1497 519 1524 et
546 1500 679 1535 scopus
706 1489 811 1524 huius
839 1489 986 1524 alterius
1014 1490 1136 1536 partis.
1214 1518 1223 1526 .
1277 1519 1285 1527 .
1338 1523 1346 1528 .
1428 1501 1469 1527 10

134 1556 165 1591 3.
192 1546 398 1584 Discrimen
437 1550 529 1583 inter
568 1550 659 1584 hanc
699 1558 733 1584 et
772 1551 932 1595 priorem
972 1560 1123 1596 partem.
1162 1571 1206 1579 —
1247 1551 1349 1587 Ordo

228 1607 481 1654 quaestionum
511 1609 546 1642 in
574 1609 641 1642 hac
668 1608 779 1643 altera
807 1619 907 1655 parte
934 1610 1218 1646 tractandarum.
1281 1638 1290 1646 .
1342 1638 1349 1645 .
1424 1610 1471 1645 ib.

130 1674 165 1708 4.
195 1666 387 1712 Proprium
414 1666 519 1702 huius
547 1668 655 1713 primi
681 1669 808 1714 capitis
835 1677 1093 1713 argumentum
1101 1696 1347 1706 .....
1425 1672 1469 1706 ib.

30 1726 297 1770 ARTICULUS
332 1730 364 1771 Ι.
398 1751 455 1760 -
479 1729 542 1772 De
567 1728 781 1786 multiplici
812 1729 914 1773 iuris
947 1731 1166 1787 acceptione
1200 1740 1234 1773 et
1267 1731 1351 1775 eius

215 1799 339 1841 varia
373 1798 427 1841 ad
459 1799 661 1843 iustitiam
695 1799 947 1844 habitudine.
1040 1836 1351 1846 .....
1419 1817 1466 1846 11

32 1868 217 1914 Thesis
248 1869 281 1913 Ι.
315 1894 373 1903 -
409 1870 646 1930 Quotuplex
691 1873 742 1915 sit
776 1874 880 1917 iuris
922 1874 1108 1932 acceptio,
1141 1884 1176 1918 et
1219 1890 1352 1934 quae-

215 1954 314 1983 nam
345 1943 395 1984 sit
428 1942 529 1985 iuris
560 1942 616 1985 ad
648 1945 852 1986 *iustitiam
885 1944 1041 1989 relatio.
1115 1978 1126 1989 .
1190 1981 1200 1991 .
1267 1982 1276 1991 .
1341 1982 1350 1990 .
1415 1945 1469 1991 ib.

134 2021 164 2056 5.
190 2014 509 2049 praenotiones.
529 2034 573 2041 -
591 2015 724 2050 Variae
751 2015 794 2050 de
823 2025 946 2062 etymo
974 2017 1156 2059 vocabuli,
1183 2019 1249 2060 ius,
1277 2029 1353 2053 sen-

223 2074 360 2108 tentiae
387 2083 618 2120 exponuntur
622 2102 1347 2113 .............
1423 2080 1471 2113 ib.

131 2131 164 2167 6.
190 2133 437 2168 Declaratio.
463 2153 508 2159 —
542 2144 566 2168 1.
594 2134 648 2168 De
675 2134 808 2180 triplici
847 2134 952 2170 huius
992 2136 1165 2179 vocabuli,
1193 2137 1258 2180 ius,
1286 2149 1351 2172 ac-

226 2192 406 2238 ceptione:
433 2212 481 2220 —
506 2204 572 2239 pro
600 2194 681 2240 lege
705 2214 754 2220 —
781 2206 846 2240 pro
874 2196 970 2230 iusto
998 2214 1042 2222 —-
1071 2207 1135 2241 pro
1174 2204 1356 2242 potestate

226 2253 368 2288 morali.
396 2273 444 2280 —-·
470 2264 502 2288 2.
521 2255 714 2297 Quaenam
741 2255 785 2289 sit
813 2255 897 2289 iuris
917 2255 960 2289 ad
979 2256 1154 2291 iustitiam
1173 2256 1348 2291 habitudo

223 2323 286 2347 seu
313 2312 450 2349 relatio.
480 2334 526 2340 —
553 2314 651 2358 Quid
677 2314 798 2349 veniat
825 2315 976 2349 nornine
1003 2314 1086 2350 iuris
1122 2315 1254 2360 passivi
1291 2327 1354 2351 seu

225 2373 397 2408 obiectivi
422 2394 470 2400 —
497 2374 581 2420 quid
609 2375 759 2409 nomine
785 2374 873 2409 iuris
900 2375 1007 2409 activi
1034 2386 1095 2410 seu
1116 2374 1292 2410 formalis.
1344 2403 1352 2411 .
1431 2385 1467 2419 13

127 2444 159 2480 7.
191 2434 403 2470 Scholion.
420 2454 468 2460 —-
486 2434 736 2469 Recensentur
755 2435 856 2480 aiiae,
874 2447 916 2470 ex
939 2435 1133 2482 praedictis
1154 2435 1347 2479 derivatae,

223 2494 308 2528 iuris
335 2495 563 2540 acceptiones
568 2521 1355 2532 ..............
1432 2506 1470 2531 21

30 2553 299 2597 ARTICULUS
335 2554 386 2597 II.
411 2579 469 2588 —
503 2555 564 2598 De
598 2555 813 2614 multiplici
846 2557 951 2600 iuris
985 2556 1200 2600 divisione.
1264 2591 1273 2601 .
1340 2592 1348 2600 .
1419 2569 1469 2611 23
