1737 2802
653 969 900 1022 CAPUT
943 970 978 1020 I.

200 1115 264 1150 DE
290 1115 404 1150 IURE
432 1115 492 1150 ET
522 1114 720 1149 OFFICIO
750 1115 799 1149 IN
825 1115 1015 1150 GENERE
1043 1115 1415 1150 CONSIDERATIS.

232 1293 267 1322 1.
308 1297 328 1319 «
351 1279 486 1333 Deus,
512 1279 649 1335 inquit
673 1278 896 1320 Suaresius
920 1277 1004 1335 (1),
1029 1294 1117 1321 nou
1141 1278 1423 1322 solumunodo
1463 1292 1528 1322 est

110 1351 206 1395 finis
239 1363 280 1394 et
311 1351 442 1394 veluti
479 1366 635 1408 scopus
685 1349 736 1392 ad
786 1365 915 1408 quem
965 1362 1178 1393 creaturae
1226 1350 1528 1394 intellectuales

110 1421 307 1480 tendunt,
339 1421 413 1464 sed
447 1422 573 1464 etiam
607 1433 670 1463 est
705 1435 827 1463 causa
861 1421 926 1463 sui
961 1420 1249 1477 comparandi.
1281 1422 1392 1464 Nam
1418 1437 1529 1465 crea—

112 1507 226 1538 turas
260 1509 356 1537 suas
391 1494 514 1551 regit,
547 1506 587 1536 et
622 1505 792 1536 ostensa
825 1493 890 1535 via
913 1492 963 1535 ad
986 1508 1030 1535 se
1054 1491 1192 1549 ducit3
1228 1506 1267 1535 et
1292 1509 1345 1536 ne
1370 1508 1391 1534 a
1413 1506 1530 1537 recto

112 1567 263 1613 itinere
295 1564 535 1618 deflectant,
568 1563 844 1607 admonendo
889 1564 1137 1620 compescit,
1172 1563 1532 1622 deflectentesque

118 1653 194 1681 sua
224 1636 424 1681 ineffabili
459 1635 726 1694 providentia
749 1641 919 1679 revocat
943 1652 986 1678 ac
1011 1635 1191 1692 reducit,
1215 1636 1409 1679 doctrina
1434 1636 1534 1679 illu-

115 1707 334 1761 minando,
355 1707 540 1751 consiliis
565 1706 799 1760 monendo,
823 1705 988 1763 legibus
1014 1706 1225 1763 cogendo,
1243 1720 1283 1749 et
1307 1708 1533 1764 praecipue

117 1794 217 1823 suae
250 1780 408 1837 gratiae
442 1778 609 1822 auxiliis
643 1777 901 1834 adiuvando,
934 1789 981 1820 ut
1014 1778 1105 1820 iure
1138 1778 1293 1820 merito
1336 1778 1535 1821 inclamet

117 1852 351 1908 Isaias(2):
386 1851 593 1894 Dominus
631 1850 767 1907 legifer
814 1858 965 1902 noster,
1014 1851 1219 1893 Dominus
1267 1865 1337 1892 rex
1384 1859 1533 1903 noster,

117 1924 199 1980 ipse
231 1921 408 1965 salvabit
441 1937 513 1965 nos
536 1939 571 1964 υ.
597 1947 649 1953 —-
676 1922 791 1964 Haec
824 1921 967 1964 eximii
1003 1921 1208 1964 Doctoris
1232 1920 1358 1964 verba
1391 1922 1536 1979 paucis

119 1991 320 2036 exhibent
351 2007 569 2035 summam
605 2008 754 2035 eorum
805 1992 1018 2044 omnium,
1069 2007 1175 2049 quae
1225 1993 1266 2034 in
1315 1992 1538 2049 superiore

117 2075 236 2121 parte
283 2063 581 2121 exposuimus.
631 2063 810 2119 Egimus
858 2078 1014 2119 nempe
1063 2061 1113 2105 de
1145 2063 1256 2115 Deo,
1291 2062 1432 2105 ultimo
1451 2062 1537 2120 fine

119 2146 268 2177 nostro
291 2150 337 2177 ac
360 2143 542 2193 supremo
576 2134 819 2191 legislatore:
844 2146 1002 2176 metam
1027 2133 1185 2177 scilicet
1209 2135 1538 2191 assignavimus,

121 2205 172 2249 ad
206 2221 332 2264 quam
367 2206 539 2249 tendere
573 2205 794 2260 debemus,
830 2205 1099 2264 modumque
1131 2207 1306 2263 insuper
1337 2220 1432 2249 eain
1477 2217 1543 2248 at-

118 2276 311 2334 tingendi
345 2277 627 2321 ostendimus.

149 2355 152 2358 ¹
239 2357 287 2382 'W

217 2507 272 2551 (1)
300 2506 354 2540 De
380 2505 450 2551 leg.
475 2505 510 2539 in
538 2515 701 2551 prooem.
728 2504 771 2538 ab
799 2503 875 2538 init.

219 2565 276 2611 (2)
304 2565 344 2600 C.
371 2565 538 2600 XXXIII.
566 2577 597 2599 v.
625 2575 681 2599 22.
