1737 2802
611 125 679 134 ·
716 113 794 156 175
820 125 887 133 .—

39 196 250 256 generalis
283 208 347 240 est
378 195 572 240 sufficere
605 194 1198 252 evidentiam.credibilitatis;
1236 211 1343 253 quae
1376 207 1463 239 tam

35 271 84 313 in
117 269 414 328 propositione
447 280 632 323 externa,
666 283 795 326 quam
829 269 871 310 in
906 282 1023 310 mere
1073 266 1237 309 interna
1278 267 1463 310 inveniri

44 352 202 399 potest.
223 356 244 380 »

598 564 764 608 THES1s
797 565 922 608 XIV.

46 696 252 741 Possibilis
283 704 340 739 est
374 695 569 738 revelatio
605 695 776 738 illarum
817 696 940 738 etiam
981 696 1218 752 veritatum,
1251 709 1350 754 quae
1397 710 1471 740 ca-

164 776 282 826 ptum
315 767 519 810 immanem
555 767 696 809 mentis
728 766 936 820 excedunt,
971 782 1037 810 seu
1073 767 1280 825 possibilis
1313 776 1368 810 est
1399 783 1468 810 re-

171 838 320 881 velatio
353 839 477 880 etiam
512 839 810 896 mysteriorum.

167 994 236 1036 44.
273 981 641 1024 PRAENorioNEs.
676 980 796 1023 Alios
829 995 941 1023 nunc
975 980 1281 1038 impugnamus
1316 981 1471 1026 adver-

47 1053 202 1104 sarios,
238 1068 311 1095 eos
347 1066 515 1108 nempe,
549 1053 621 1109 qui
657 1052 889 1095 admittunt
923 1052 1100 1110 quidem
1150 1054 1294 1096 Deum
1342 1069 1470 1110 posse

48 1123 114 1167 vel
149 1139 222 1181 per
255 1124 446 1180 seipsum
480 1122 730 1166 immediate
763 1123 828 1166 vel
869 1123 1054 1167 mediate
1088 1140 1162 1181 per
1205 1124 1308 1167 alios
1351 1124 1471 1183 loqui

42 1194 172 1238 nobis
206 1211 280 1238 seu
314 1195 535 1237 veritatem
570 1193 772 1248 revelare,
808 1193 882 1237 sed
916 1207 1073 1251 negant
1108 1211 1206 1237 eum
1242 1211 1368 1252 posse
1399 1212 1469 1238 re-

48 1266 187 1310 velare
219 1267 414 1308 veritates
450 1265 555 1320 illas,
591 1281 697 1322 quae
747 1267 946 1308 dicuntur
991 1267 1198 1323 mysteria.
1245 1267 1305 1309 Ut
1359 1266 1474 1309 huuc

49 1352 260 1389 errorem,
295 1338 366 1394 qui
415 1337 541 1379 etiam
591 1350 671 1393 est,
705 1350 750 1380 ut
799 1353 945 1380 rursus
979 1354 1013 1381 s.
1047 1339 1282 1395 Augustini
1330 1338 1469 1381 verbis

50 1421 237 1462 utamur,
271 1408 480 1466 superbus
527 1407 648 1451 vaide
697 1407 930 1466 multisque
981 1409 1181 1466 periculis
1231 1411 1471 1466 expositus,

38 1480 305 1536 refellamus,
324 1479 528 1523 debemus
554 1492 648 1522 ante
672 1481 817 1522 omnia
838 1481 1063 1523 notionem
1089 1482 1271 1538 mysterii
1294 1480 1470 1525 tradere.

169 1552 340 1610 Duplex
373 1551 650 1609 distinguitur
684 1551 826 1594 classis
866 1552 1110 1605 veritatum,
1145 1552 1322 1595 aliarum
1367 1568 1473 1610 quae

50 1640 140 1669 non
186 1637 403 1682 superant,
452 1624 630 1667 aliarum
664 1639 772 1681 quae
804 1638 1007 1681 superant
1057 1623 1268 1667 humanae
1316 1625 1473 1667 inentis

52 1709 241 1755 captum.

173 1769 239 1812 Ad
289 1769 478 1826 priorem
529 1767 704 1811 classem
754 1783 827 1811 eae
876 1769 1090 1825 pertinent
1138 1768 1350 1824 veritates,
1383 1766 1474 1809 sive

53 1842 313 1885 theoreticae
336 1842 424 1884 sive
448 1840 667 1897 practicae,
690 1855 797 1898 quae
822 1840 1022 1883 dicuntur
1047 1853 1087 1883 et
1111 1852 1210 1882 sunt
1234 1839 1473 1890 rationales,

39 1930 127 1965 -sseae
161 1928 331 1969 nempe,
364 1928 467 1970 quas
504 1927 624 1954 mens
675 1925 822 1954 nostra
868 1911 1127 1954 naturalibus
1176 1913 1264 1953 suis
1312 1910 1476 1953 viribus

38 1997 199 2043 ,potest
233 1996 272 2027 et
309 1983 509 2040 detegere
541 1996 582 2026 et
615 1982 852 2040 intelligere
896 1983 1022 2038 (ultus
1056 1983 1213 2039 legere),
1247 1997 1320 2025 seu
1367 1997 1476 2039 qua-

39 2072 155 2100 rum
188 2068 330 2114 potest
364 2068 404 2099 et
438 2056 705 2098 existentiam
740 2068 857 2098 certo
882 2056 1070 2098 invenire
1104 2068 1144 2097 et
1178 2055 1390 2096 rationem
1414 2055 1478 2096 in-

40 2128 284 2170 -trinsecam
332 2126 607 2184 conceptibus
657 2127 842 2185 propriis
892 2127 1120 2184 percipere.
1157 2127 1228 2169 Sic
1261 2142 1296 2169 e.
1331 2141 1371 2183 g.
1406 2141 1475 2168 ra-

55 2199 229 2253 tionalis
263 2211 325 2242 est
358 2198 459 2242 haec
482 2199 635 2242 veritas
671 2199 863 2257 practica.¹
892 2207 1076 2256 parenles
1110 2207 1205 2243 sunt
1237 2198 1478 2242 honorandi:

56 2283 204 2314 nostra
238 2271 353 2314 enim
386 2286 508 2313 mens
542 2270 790 2313 naturaliter
824 2282 966 2328 potest
1000 2282 1094 2312 tum
1130 2269 1315 2327 reperire
1352 2268 1480 2312 officii

58 2341 171 2384 illius
206 2342 491 2394 existentiam,
516 2353 609 2385 tum
644 2342 918 2385 intrinsecam
954 2341 1147 2384 eiusdem
1182 2341 1393 2383 rationem
1418 2356 1481 2383 as-

59 2413 241 2471 signare.
277 2412 542 2456 Huiusmodi
575 2414 774 2457 veritates
811 2428 898 2456 non
933 2412 1134 2456 dicuntur
1166 2412 1383 2470 mysteria.

179 2485 246 2529 Ad
295 2484 468 2528 alteram
518 2484 696 2528 classem
746 2501 817 2527 eae
870 2485 1081 2542 pertinent
1129 2484 1343 2540 veritates,
1375 2498 1482 2540 quae

61 2568 161 2600 sunt
188 2556 582 2614 praeterrationales,
621 2571 778 2613 eaeque
811 2556 1105 2613 potissimum,
1136 2570 1242 2612 quae
1275 2566 1375 2597 sunt
1407 2567 1483 2596 su-
