1737 2802
664 133 934 163 —111—

83 216 382 270 essentialiter,
417 231 561 260 coram
593 216 710 273 Ipso,
743 216 815 273 qui
841 217 1056 274 inspector
1072 227 1136 259 est
1155 215 1366 274 cordium,
1385 216 1509 261 debet

85 291 241 334 intimo
273 289 405 332 animi
438 287 587 331 affectu
622 303 744 331 suam
777 303 1090 345 recognoscere
1122 303 1170 331 ac
1202 287 1395 345 profiteri
1426 304 1514 332 ser-

83 363 264 406 vitutem
296 359 547 404 absolutam.
598 359 811 413 Quaestio
847 360 978 417 igitur
1011 375 1103 403 esse
1137 372 1279 418 potest
1312 373 1510 404 tantum-

85 433 220 477 modo
255 432 306 476 de
340 431 454 476 cultu
489 439 677 474 externo:
713 443 860 473 utrum
894 430 1054 474 scilicet
1077 431 1253 474 interior
1279 431 1347 475 illa
1370 433 1512 475 cordis

85 504 299 563 professio
334 501 514 547 sufficiat
536 517 686 556 necne,
722 502 746 545 i.
771 518 804 545 e.
842 514 988 545 utrum
1022 501 1128 558 legis
1157 502 1357 546 naturalis
1391 519 1513 561 prae-

85 589 259 635 ceptum
284 575 335 619 de
369 588 577 632 supremo
600 574 790 617 Numine
825 573 1020 631 colendo,
1054 587 1219 631 praeter
1252 573 1416 618 cultum
1449 577 1514 619 in-

82 658 262 701 ternum,
282 647 479 704 respiciat
502 660 676 703 quoque
702 658 742 687 et
767 644 1076 703 complectatur
1100 645 1262 689 cultum
1280 656 1512 700 externum,

84 722 141 765 ita
174 733 220 763 ut
253 717 440 762 naturale
473 715 663 760 officium
699 716 865 760 colendi
900 717 1044 760 Deum
1079 732 1167 761 non
1212 717 1385 775 impleat
1429 718 1515 777 ille,

82 793 157 850 qui
181 790 305 834 vellet
336 789 439 833 solis
474 789 654 832 internis
680 788 841 832 actibus
869 789 1015 832 Deum
1040 801 1258 847 tamquam
1284 789 1513 834 dominum

83 876 406 920 recognoscere.
445 861 566 903 Hanc
600 861 897 918 quaestionem
934 860 1060 903 solvit
1097 860 1197 904 haec
1230 861 1380 906 thesis.

204 934 306 987 Qua
335 945 481 975 tamen
515 933 556 974 in
580 931 705 984 thesi,
731 947 830 975 cum
857 931 1014 989 duplex
1046 933 1100 974 sit
1133 932 1270 976 cultus
1295 946 1514 991 externus,

81 1004 186 1048 alter
212 1003 400 1062 publicus
433 1018 507 1045 seu
541 1003 713 1055 socialis,
747 1001 852 1045 alter
884 1003 1079 1060 privatus
1111 1019 1185 1046 seu
1220 1003 1509 1056 individualis,

82 1090 229 1121 sermo
262 1087 428 1118 tantum
463 1086 524 1117 est
558 1073 609 1116 de
643 1074 892 1116 necessitate
944 1073 1081 1116 cultus
1129 1075 1291 1118 externi
1336 1075 1515 1132 privati:

80 1147 164 1191 alio
194 1148 310 1190 enim
344 1145 441 1189 loco
475 1145 614 1188 cultus
647 1147 776 1188 etiam
822 1144 975 1203 publici
1024 1147 1323 1190 necessitatem
1355 1147 1508 1191 vindi-

86 1218 275 1262 cabimus
308 1217 395 1276 (1),
427 1233 488 1270 ea,
538 1232 645 1274 quae
694 1216 828 1260 modo
878 1215 1087 1273 dicemus,
1120 1216 1168 1260 ab
1203 1217 1426 1262 individuo
1461 1217 1512 1261 ad

84 1291 352 1342 societatem,
403 1289 545 1347 paucis
594 1289 767 1332 mutatis
819 1303 894 1330 seu
929 1287 1101 1344 additis,
1137 1287 1439 1332 transferentes
1473 1301 1513 1332 et

84 1374 292 1420 aptantes,

204 1446 273 1488 29.
307 1433 698 1476 DEMoNSTRA‘rro.
734 1431 889 1476 Cultus
924 1444 1128 1476 externus
1167 1432 1327 1490 duplici
1362 1448 1416 1476 ex
1451 1449 1514 1476 ca-

84 1505 171 1563 pite
205 1517 268 1547 est
301 1504 564 1547 necessarius
599 1520 644 1548 ac
677 1502 841 1563 debitus
861 1504 1098 1547 ——ratione
1121 1504 1258 1547 cultus
1283 1505 1514 1566 interni—

83 1578 251 1620 ratione
285 1576 364 1620 sui.

204 1648 236 1691 I.
271 1646 424 1692 Cultus
459 1659 660 1690 externus
694 1659 758 1689 est
791 1648 1056 1690 necessarius
1088 1662 1134 1690 ac
1167 1645 1333 1690 debitus
1355 1649 1515 1691 ratione

81 1719 217 1763 cultus
251 1721 418 1773 interni,
467 1734 599 1777 quem
647 1717 824 1762 naturali
877 1717 969 1775 lege
1007 1719 1192 1777 praecipi
1227 1731 1406 1762 constat.
1439 1719 1514 1762 Est

80 1791 198 1835 enim
231 1803 326 1834 tum
358 1789 560 1834 naturalis
583 1790 752 1848 fructus
786 1789 924 1833 cultus
972 1790 1142 1846 interni,
1188 1801 1282 1833 tum
1317 1789 1507 1834 naturale

82 1862 257 1906 medium
297 1861 349 1906 ad
396 1862 558 1905 cultum
606 1862 840 1918 internum,
889 1863 1003 1905 iuxta
1051 1860 1155 1905 illud
1204 1862 1389 1906 Suaresii
1438 1867 1508 1916 (2):

85 1951 110 1973 ‹
142 1934 223 1978 Per
255 1932 471 1977 sensibilia
503 1934 623 1991 signa
657 1933 792 1977 homo
823 1946 862 1977 et
886 1949 966 1977 suo
991 1933 1157 1977 affectui
1182 1933 1509 1992 quodammodo

82 2006 299 2060 satisfacit,
332 2018 372 2049 et
405 2021 554 2049 rursus
586 2021 662 2063 per
709 2004 858 2049 eadem
909 2006 951 2049 in
1000 2004 1072 2049 illo
1122 2005 1314 2048 interiori
1362 2004 1511 2049 affectu

84 2077 362 2121 confirmatur
395 2089 436 2121 et
468 2079 632 2121 crescit.
669 2096 691 2117 »

179 2341 234 2387 (1)
258 2340 351 2376 Vide
376 2352 495 2388 super.
533 2353 671 2377 numer.
712 2351 768 2386 23.
796 2353 877 2389 pag.
905 2353 962 2389 99.
993 2362 1032 2367 —
1060 2341 1108 2377 Ut
1139 2351 1252 2388 patet,
1293 2341 1410 2378 cultus
1444 2349 1514 2389 pu-

84 2399 189 2434 blicus
214 2411 290 2435 non
317 2400 496 2445 definitur,
521 2400 582 2436 ille
609 2401 667 2448 qui
693 2402 834 2448 publice
863 2401 1050 2437 exhibetur
1076 2401 1267 2449 (siquidem
1295 2403 1370 2448 ipse
1397 2402 1514 2438 cultus

87 2459 246 2506 privatus
273 2469 394 2506 potest
421 2459 565 2507 publico
584 2461 619 2495 in
638 2460 722 2496 loco
741 2460 930 2507 exerceri).
951 2461 1012 2497 sed
1038 2461 1099 2496 ille
1126 2462 1184 2509 qui
1212 2473 1231 2496 a
1248 2461 1423 2497 societate
1444 2473 1513 2509 qua

85 2519 149 2555 tali
175 2530 237 2554 seu
264 2529 346 2554 actu
373 2519 495 2555 sociali
521 2521 602 2556 Deo
630 2522 831 2567 praebetur.

182 2578 237 2624 (2)
264 2577 336 2626 Op.
361 2591 476 2626 nuper
501 2579 561 2614 cit.
587 2588 629 2614 tr.
656 2579 702 2614 11.
727 2579 749 2614 l.
782 2590 811 2615 1.
834 2591 862 2615 c.
896 2592 922 2616 1.
950 2591 1050 2615 num.
1075 2589 1110 2626 9.
