<?xml version="1.0" encoding="UTF-8"?>
<!DOCTYPE html PUBLIC "-//W3C//DTD XHTML 1.0 Transitional//EN"
    "http://www.w3.org/TR/xhtml1/DTD/xhtml1-transitional.dtd">
<html xmlns="http://www.w3.org/1999/xhtml" xml:lang="en" lang="en">
 <head>
  <title>
</title>
<meta http-equiv="Content-Type" content="text/html;charset=utf-8" />
  <meta name='ocr-system' content='tesseract 3.04.00' />
  <meta name='ocr-capabilities' content='ocr_page ocr_carea ocr_par ocr_line ocrx_word'/>
</head>
<body>
  <div class='ocr_page' id='page_1' title='image "./institutionesphi02ferr_0051.png"; bbox 0 0 1737 2802; ppageno 0'>
   <div class='ocr_carea' id='block_1_1' title="bbox 44 206 1507 2119">
    <p class='ocr_par' dir='ltr' id='par_1_1' title="bbox 44 206 1507 2046">
     <span class='ocr_line' id='line_1_1' title="bbox 48 206 1483 265; baseline -0.001 -15"><span class='ocrx_word' id='word_1_1' title='bbox 48 207 211 252; x_wconf 83' lang='lat' dir='ltr'>morale:</span> <span class='ocrx_word' id='word_1_2' title='bbox 245 207 281 250; x_wconf 86' lang='lat' dir='ltr'>si</span> <span class='ocrx_word' id='word_1_3' title='bbox 313 206 564 264; x_wconf 83' lang='lat' dir='ltr'>respondet,</span> <span class='ocrx_word' id='word_1_4' title='bbox 600 207 820 250; x_wconf 69' lang='lat' dir='ltr'>iuridicmn</span> <span class='ocrx_word' id='word_1_5' title='bbox 869 206 1115 265; x_wconf 87' lang='lat' dir='ltr'>appellatur</span> <span class='ocrx_word' id='word_1_6' title='bbox 1150 207 1220 250; x_wconf 83' lang='lat' dir='ltr'>Sic</span> <span class='ocrx_word' id='word_1_7' title='bbox 1254 223 1290 250; x_wconf 81' lang='lat' dir='ltr'>e.</span> <span class='ocrx_word' id='word_1_8' title='bbox 1323 221 1364 263; x_wconf 86' lang='lat' dir='ltr'>g.</span> <span class='ocrx_word' id='word_1_9' title='bbox 1400 208 1483 249; x_wconf 86' lang='lat' dir='ltr'>iu--</span> 
     </span>
     <span class='ocr_line' id='line_1_2' title="bbox 47 275 1469 334; baseline -0.001 -13"><span class='ocrx_word' id='word_1_10' title='bbox 47 277 232 322; x_wconf 89' lang='lat' dir='ltr'>ridicum</span> <span class='ocrx_word' id='word_1_11' title='bbox 265 289 442 321; x_wconf 89' lang='lat' dir='ltr'>vocatur</span> <span class='ocrx_word' id='word_1_12' title='bbox 474 275 666 319; x_wconf 87' lang='lat' dir='ltr'>officium</span> <span class='ocrx_word' id='word_1_13' title='bbox 700 276 956 321; x_wconf 85' lang='lat' dir='ltr'>restituendi</span> <span class='ocrx_word' id='word_1_14' title='bbox 990 275 1249 334; x_wconf 85' lang='lat' dir='ltr'>depositum:</span> <span class='ocrx_word' id='word_1_15' title='bbox 1276 275 1469 319; x_wconf 88' lang='lat' dir='ltr'>officium</span> 
     </span>
     <span class='ocr_line' id='line_1_3' title="bbox 46 347 1469 407; baseline -0.001 -13.999"><span class='ocrx_word' id='word_1_16' title='bbox 46 361 190 393; x_wconf 83' lang='lat' dir='ltr'>autem</span> <span class='ocrx_word' id='word_1_17' title='bbox 224 347 432 405; x_wconf 85' lang='lat' dir='ltr'>largiendi</span> <span class='ocrx_word' id='word_1_18' title='bbox 465 349 644 406; x_wconf 83' lang='lat' dir='ltr'>pauperi</span> <span class='ocrx_word' id='word_1_19' title='bbox 679 347 1000 407; x_wconf 80' lang='lat' dir='ltr'>eleemosynam</span> <span class='ocrx_word' id='word_1_20' title='bbox 1035 347 1187 391; x_wconf 84' lang='lat' dir='ltr'>dicitur</span> <span class='ocrx_word' id='word_1_21' title='bbox 1224 365 1328 406; x_wconf 89' lang='lat' dir='ltr'>pure</span> <span class='ocrx_word' id='word_1_22' title='bbox 1376 364 1469 391; x_wconf 89' lang='lat' dir='ltr'>mo-</span> 
     </span>
     <span class='ocr_line' id='line_1_4' title="bbox 47 419 1470 478; baseline 0.001 -14"><span class='ocrx_word' id='word_1_23' title='bbox 47 421 144 464; x_wconf 88' lang='lat' dir='ltr'>rale.</span> <span class='ocrx_word' id='word_1_24' title='bbox 180 420 394 473; x_wconf 86' lang='lat' dir='ltr'>Quamvis</span> <span class='ocrx_word' id='word_1_25' title='bbox 418 420 534 463; x_wconf 89' lang='lat' dir='ltr'>enim</span> <span class='ocrx_word' id='word_1_26' title='bbox 558 419 624 462; x_wconf 82' lang='lat' dir='ltr'>lex</span> <span class='ocrx_word' id='word_1_27' title='bbox 657 420 851 478; x_wconf 90' lang='lat' dir='ltr'>imponat</span> <span class='ocrx_word' id='word_1_28' title='bbox 894 419 1012 463; x_wconf 88' lang='lat' dir='ltr'>diviti</span> <span class='ocrx_word' id='word_1_29' title='bbox 1037 419 1347 477; x_wconf 81' lang='lat' dir='ltr'>obligationem</span> <span class='ocrx_word' id='word_1_30' title='bbox 1372 422 1470 466; x_wconf 77' lang='lat' dir='ltr'>sub—</span> 
     </span>
     <span class='ocr_line' id='line_1_5' title="bbox 45 489 1470 552; baseline 0.001 -16"><span class='ocrx_word' id='word_1_31' title='bbox 45 491 245 536; x_wconf 85' lang='lat' dir='ltr'>veniendi</span> <span class='ocrx_word' id='word_1_32' title='bbox 278 489 550 549; x_wconf 81' lang='lat' dir='ltr'>pauperibus,</span> <span class='ocrx_word' id='word_1_33' title='bbox 583 505 671 534; x_wconf 87' lang='lat' dir='ltr'>non</span> <span class='ocrx_word' id='word_1_34' title='bbox 704 503 846 535; x_wconf 90' lang='lat' dir='ltr'>tamen</span> <span class='ocrx_word' id='word_1_35' title='bbox 880 492 946 534; x_wconf 89' lang='lat' dir='ltr'>his</span> <span class='ocrx_word' id='word_1_36' title='bbox 981 490 1146 535; x_wconf 83' lang='lat' dir='ltr'>confert</span> <span class='ocrx_word' id='word_1_37' title='bbox 1179 508 1330 537; x_wconf 86' lang='lat' dir='ltr'>verum</span> <span class='ocrx_word' id='word_1_38' title='bbox 1365 511 1470 552; x_wconf 88' lang='lat' dir='ltr'>pro-</span> 
     </span>
     <span class='ocr_line' id='line_1_6' title="bbox 46 558 1469 625; baseline 0.002 -19"><span class='ocrx_word' id='word_1_39' title='bbox 46 565 275 621; x_wconf 86' lang='lat' dir='ltr'>priumque</span> <span class='ocrx_word' id='word_1_40' title='bbox 310 563 374 605; x_wconf 87' lang='lat' dir='ltr'>ius</span> <span class='ocrx_word' id='word_1_41' title='bbox 408 563 634 620; x_wconf 78' lang='lat' dir='ltr'>pecuniam</span> <span class='ocrx_word' id='word_1_42' title='bbox 684 578 706 604; x_wconf 85' lang='lat' dir='ltr'>a</span> <span class='ocrx_word' id='word_1_43' title='bbox 756 562 886 605; x_wconf 91' lang='lat' dir='ltr'>divite</span> <span class='ocrx_word' id='word_1_44' title='bbox 920 562 1117 625; x_wconf 58' lang='lat' dir='ltr'>exigendi</span> <span class='ocrx_word' id='word_1_45' title='bbox 1151 576 1197 607; x_wconf 88' lang='lat' dir='ltr'>ut</span> <span class='ocrx_word' id='word_1_46' title='bbox 1232 558 1352 607; x_wconf 73' lang='lat' dir='ltr'>suain</span> <span class='ocrx_word' id='word_1_47' title='bbox 1383 565 1469 624; x_wconf 85' lang='lat'>(1).</span> 
     </span>
     <span class='ocr_line' id='line_1_7' title="bbox 47 634 1468 692; baseline 0.002 -14"><span class='ocrx_word' id='word_1_48' title='bbox 47 636 161 678; x_wconf 92' lang='lat' dir='ltr'>Hinc</span> <span class='ocrx_word' id='word_1_49' title='bbox 178 634 371 679; x_wconf 88' lang='lat' dir='ltr'>officium</span> <span class='ocrx_word' id='word_1_50' title='bbox 391 635 689 690; x_wconf 84' lang='lat' dir='ltr'>eleemosynae</span> <span class='ocrx_word' id='word_1_51' title='bbox 707 635 946 692; x_wconf 77' lang='lat' dir='ltr'>erogandae</span> <span class='ocrx_word' id='word_1_52' title='bbox 967 636 1161 692; x_wconf 84' lang='lat' dir='ltr'>quamvis</span> <span class='ocrx_word' id='word_1_53' title='bbox 1180 635 1320 680; x_wconf 90' lang='lat' dir='ltr'>latiori</span> <span class='ocrx_word' id='word_1_54' title='bbox 1341 653 1468 681; x_wconf 87' lang='lat' dir='ltr'>sensu</span> 
     </span>
     <span class='ocr_line' id='line_1_8' title="bbox 47 705 1480 766; baseline 0.001 -16"><span class='ocrx_word' id='word_1_55' title='bbox 47 706 128 750; x_wconf 92' lang='lat' dir='ltr'>dici</span> <span class='ocrx_word' id='word_1_56' title='bbox 162 707 299 764; x_wconf 81' lang='lat' dir='ltr'>possit</span> <span class='ocrx_word' id='word_1_57' title='bbox 331 705 585 758; x_wconf 85' lang='lat' dir='ltr'>iuridicum,</span> <span class='ocrx_word' id='word_1_58' title='bbox 620 706 644 747; x_wconf 91' lang='lat' dir='ltr'>i.</span> <span class='ocrx_word' id='word_1_59' title='bbox 680 722 714 749; x_wconf 92' lang='lat' dir='ltr'>e.</span> <span class='ocrx_word' id='word_1_60' title='bbox 749 705 994 762; x_wconf 84' lang='lat' dir='ltr'>legitimum</span> <span class='ocrx_word' id='word_1_61' title='bbox 1029 722 1102 749; x_wconf 84' lang='lat' dir='ltr'>seu</span> <span class='ocrx_word' id='word_1_62' title='bbox 1138 723 1158 749; x_wconf 90' lang='lat' dir='ltr'>a</span> <span class='ocrx_word' id='word_1_63' title='bbox 1194 707 1287 765; x_wconf 84' lang='lat' dir='ltr'>lege</span> <span class='ocrx_word' id='word_1_64' title='bbox 1321 710 1480 766; x_wconf 66' lang='lat' dir='ltr'>impo-</span> 
     </span>
     <span class='ocr_line' id='line_1_9' title="bbox 46 776 1469 837; baseline 0.002 -17"><span class='ocrx_word' id='word_1_65' title='bbox 46 779 192 834; x_wconf 84' lang='lat' dir='ltr'>situm,</span> <span class='ocrx_word' id='word_1_66' title='bbox 216 789 392 835; x_wconf 89' lang='lat' dir='ltr'>sumpto</span> <span class='ocrx_word' id='word_1_67' title='bbox 416 778 626 820; x_wconf 78' lang='lat' dir='ltr'>nimiium</span> <span class='ocrx_word' id='word_1_68' title='bbox 659 776 870 820; x_wconf 85' lang='lat' dir='ltr'>vocabulo</span> <span class='ocrx_word' id='word_1_69' title='bbox 898 778 958 819; x_wconf 78' lang='lat' dir='ltr'>ius</span> <span class='ocrx_word' id='word_1_70' title='bbox 981 777 1022 819; x_wconf 90' lang='lat' dir='ltr'>in</span> <span class='ocrx_word' id='word_1_71' title='bbox 1047 778 1185 834; x_wconf 87' lang='lat' dir='ltr'>prima</span> <span class='ocrx_word' id='word_1_72' title='bbox 1209 778 1273 821; x_wconf 87' lang='lat' dir='ltr'>illa</span> <span class='ocrx_word' id='word_1_73' title='bbox 1279 779 1364 832; x_wconf 81' lang='lat' dir='ltr'>‚de</span> <span class='ocrx_word' id='word_1_74' title='bbox 1388 795 1469 837; x_wconf 85' lang='lat' dir='ltr'>qua</span> 
     </span>
     <span class='ocr_line' id='line_1_10' title="bbox 45 848 1469 905; baseline 0.002 -14"><span class='ocrx_word' id='word_1_75' title='bbox 45 848 248 901; x_wconf 84' lang='lat' dir='ltr'>diximus,</span> <span class='ocrx_word' id='word_1_76' title='bbox 281 848 541 904; x_wconf 82' lang='lat' dir='ltr'>acceptione,</span> <span class='ocrx_word' id='word_1_77' title='bbox 579 860 624 890; x_wconf 87' lang='lat' dir='ltr'>ut</span> <span class='ocrx_word' id='word_1_78' title='bbox 657 862 812 905; x_wconf 89' lang='lat' dir='ltr'>nempe</span> <span class='ocrx_word' id='word_1_79' title='bbox 847 860 909 890; x_wconf 90' lang='lat' dir='ltr'>est</span> <span class='ocrx_word' id='word_1_80' title='bbox 944 849 1227 905; x_wconf 86' lang='lat' dir='ltr'>synonimum</span> <span class='ocrx_word' id='word_1_81' title='bbox 1263 852 1364 894; x_wconf 73' lang='lat' dir='ltr'>iussi</span> <span class='ocrx_word' id='word_1_82' title='bbox 1395 866 1469 894; x_wconf 84' lang='lat' dir='ltr'>seu</span> 
     </span>
     <span class='ocr_line' id='line_1_11' title="bbox 45 918 1470 977; baseline 0.001 -14"><span class='ocrx_word' id='word_1_83' title='bbox 45 920 158 977; x_wconf 80' lang='lat' dir='ltr'>legis,·</span> <span class='ocrx_word' id='word_1_84' title='bbox 182 933 269 961; x_wconf 91' lang='lat' dir='ltr'>non</span> <span class='ocrx_word' id='word_1_85' title='bbox 295 931 437 961; x_wconf 88' lang='lat' dir='ltr'>tamen</span> <span class='ocrx_word' id='word_1_86' title='bbox 464 918 545 961; x_wconf 89' lang='lat' dir='ltr'>dici</span> <span class='ocrx_word' id='word_1_87' title='bbox 570 930 712 975; x_wconf 89' lang='lat' dir='ltr'>potest</span> <span class='ocrx_word' id='word_1_88' title='bbox 746 919 996 971; x_wconf 87' lang='lat' dir='ltr'>iuridicum,</span> <span class='ocrx_word' id='word_1_89' title='bbox 1022 919 1231 962; x_wconf 85' lang='lat' dir='ltr'>vocabulo</span> <span class='ocrx_word' id='word_1_90' title='bbox 1257 922 1319 964; x_wconf 77' lang='grc' dir='ltr'>ἱιις</span> <span class='ocrx_word' id='word_1_91' title='bbox 1343 938 1470 965; x_wconf 86' lang='lat' dir='ltr'>sensu</span> 
     </span>
     <span class='ocr_line' id='line_1_12' title="bbox 45 989 1475 1050; baseline 0.001 -17"><span class='ocrx_word' id='word_1_92' title='bbox 45 991 182 1048; x_wconf 85' lang='lat' dir='ltr'>magis</span> <span class='ocrx_word' id='word_1_93' title='bbox 215 990 393 1048; x_wconf 91' lang='lat' dir='ltr'>proprio</span> <span class='ocrx_word' id='word_1_94' title='bbox 426 1002 601 1047; x_wconf 84' lang='lat' dir='ltr'>accepto</span> <span class='ocrx_word' id='word_1_95' title='bbox 637 1006 714 1047; x_wconf 89' lang='lat' dir='ltr'>pro</span> <span class='ocrx_word' id='word_1_96' title='bbox 748 989 947 1033; x_wconf 81' lang='lat' dir='ltr'>facultate</span> <span class='ocrx_word' id='word_1_97' title='bbox 980 1005 1055 1033; x_wconf 87' lang='lat' dir='ltr'>seu</span> <span class='ocrx_word' id='word_1_98' title='bbox 1105 1003 1315 1048; x_wconf 84' lang='lat' dir='ltr'>potestate</span> <span class='ocrx_word' id='word_1_99' title='bbox 1361 992 1475 1050; x_wconf 82' lang='lat' dir='ltr'>legi-</span> 
     </span>
     <span class='ocr_line' id='line_1_13' title="bbox 45 1060 1471 1119; baseline 0.001 -14"><span class='ocrx_word' id='word_1_100' title='bbox 45 1063 149 1105; x_wconf 88' lang='lat' dir='ltr'>tima</span> <span class='ocrx_word' id='word_1_101' title='bbox 181 1060 341 1119; x_wconf 89' lang='lat' dir='ltr'>aliquid</span> <span class='ocrx_word' id='word_1_102' title='bbox 364 1061 561 1118; x_wconf 80' lang='lat' dir='ltr'>exigendi</span> <span class='ocrx_word' id='word_1_103' title='bbox 586 1074 631 1104; x_wconf 88' lang='lat' dir='ltr'>ut</span> <span class='ocrx_word' id='word_1_104' title='bbox 665 1076 807 1104; x_wconf 88' lang='lat' dir='ltr'>suum.</span> <span class='ocrx_word' id='word_1_105' title='bbox 832 1086 888 1094; x_wconf 89' lang='lat'>—</span> <span class='ocrx_word' id='word_1_106' title='bbox 913 1063 1010 1104; x_wconf 90' lang='lat' dir='ltr'>Hoc</span> <span class='ocrx_word' id='word_1_107' title='bbox 1042 1072 1187 1105; x_wconf 81' lang='lat' dir='ltr'>autem</span> <span class='ocrx_word' id='word_1_108' title='bbox 1211 1064 1471 1107; x_wconf 88' lang='lat' dir='ltr'>discriminis</span> 
     </span>
     <span class='ocr_line' id='line_1_14' title="bbox 46 1131 1470 1192; baseline 0.001 -16"><span class='ocrx_word' id='word_1_109' title='bbox 46 1132 271 1176; x_wconf 83' lang='lat' dir='ltr'>intercedit</span> <span class='ocrx_word' id='word_1_110' title='bbox 305 1133 414 1175; x_wconf 89' lang='lat' dir='ltr'>inter</span> <span class='ocrx_word' id='word_1_111' title='bbox 449 1132 589 1175; x_wconf 85' lang='lat' dir='ltr'>officia</span> <span class='ocrx_word' id='word_1_112' title='bbox 620 1131 801 1176; x_wconf 83' lang='lat' dir='ltr'>iuridica</span> <span class='ocrx_word' id='word_1_113' title='bbox 836 1145 876 1176; x_wconf 90' lang='lat' dir='ltr'>et</span> <span class='ocrx_word' id='word_1_114' title='bbox 910 1149 1016 1190; x_wconf 89' lang='lat' dir='ltr'>pure</span> <span class='ocrx_word' id='word_1_115' title='bbox 1050 1134 1244 1188; x_wconf 85' lang='lat' dir='ltr'>moralia,</span> <span class='ocrx_word' id='word_1_116' title='bbox 1279 1134 1397 1192; x_wconf 84' lang='lat' dir='ltr'>quod</span> <span class='ocrx_word' id='word_1_117' title='bbox 1418 1137 1470 1191; x_wconf 79' lang='lat' dir='ltr'>is,</span> 
     </span>
     <span class='ocr_line' id='line_1_15' title="bbox 46 1203 1469 1263; baseline 0.002 -16"><span class='ocrx_word' id='word_1_118' title='bbox 46 1205 118 1262; x_wconf 87' lang='lat' dir='ltr'>qui</span> <span class='ocrx_word' id='word_1_119' title='bbox 153 1205 305 1262; x_wconf 87' lang='lat' dir='ltr'>prioris</span> <span class='ocrx_word' id='word_1_120' title='bbox 338 1204 506 1261; x_wconf 86' lang='lat' dir='ltr'>generis</span> <span class='ocrx_word' id='word_1_121' title='bbox 541 1203 680 1246; x_wconf 86' lang='lat' dir='ltr'>officia</span> <span class='ocrx_word' id='word_1_122' title='bbox 713 1220 800 1247; x_wconf 88' lang='lat' dir='ltr'>non</span> <span class='ocrx_word' id='word_1_123' title='bbox 851 1204 1017 1263; x_wconf 87' lang='lat' dir='ltr'>implet,</span> <span class='ocrx_word' id='word_1_124' title='bbox 1050 1205 1201 1249; x_wconf 88' lang='lat' dir='ltr'>inferat</span> <span class='ocrx_word' id='word_1_125' title='bbox 1250 1208 1469 1261; x_wconf 86' lang='lat' dir='ltr'>iniuriam,</span> 
     </span>
     <span class='ocr_line' id='line_1_16' title="bbox 44 1274 1471 1333; baseline 0.002 -15"><span class='ocrx_word' id='word_1_126' title='bbox 44 1275 177 1319; x_wconf 87' lang='lat' dir='ltr'>violet</span> <span class='ocrx_word' id='word_1_127' title='bbox 209 1275 429 1318; x_wconf 86' lang='lat' dir='ltr'>iustitiam:</span> <span class='ocrx_word' id='word_1_128' title='bbox 464 1289 550 1317; x_wconf 88' lang='lat' dir='ltr'>non</span> <span class='ocrx_word' id='word_1_129' title='bbox 575 1286 719 1317; x_wconf 88' lang='lat' dir='ltr'>autem</span> <span class='ocrx_word' id='word_1_130' title='bbox 753 1275 801 1328; x_wconf 87' lang='lat' dir='ltr'>is,</span> <span class='ocrx_word' id='word_1_131' title='bbox 826 1276 899 1332; x_wconf 89' lang='lat' dir='ltr'>qui</span> <span class='ocrx_word' id='word_1_132' title='bbox 923 1274 1092 1318; x_wconf 86' lang='lat' dir='ltr'>alterius</span> <span class='ocrx_word' id='word_1_133' title='bbox 1127 1278 1295 1333; x_wconf 83' lang='lat' dir='ltr'>generis</span> <span class='ocrx_word' id='word_1_134' title='bbox 1331 1277 1471 1321; x_wconf 87' lang='lat' dir='ltr'>officia</span> 
     </span>
     <span class='ocr_line' id='line_1_17' title="bbox 44 1345 1481 1406; baseline 0.003 -17"><span class='ocrx_word' id='word_1_135' title='bbox 44 1362 132 1390; x_wconf 91' lang='lat' dir='ltr'>non</span> <span class='ocrx_word' id='word_1_136' title='bbox 165 1358 316 1390; x_wconf 85' lang='lat' dir='ltr'>servet.</span> <span class='ocrx_word' id='word_1_137' title='bbox 352 1346 422 1390; x_wconf 82' lang='lat' dir='ltr'>Sic</span> <span class='ocrx_word' id='word_1_138' title='bbox 455 1345 586 1399; x_wconf 81' lang='lat' dir='ltr'>dives,</span> <span class='ocrx_word' id='word_1_139' title='bbox 617 1346 690 1403; x_wconf 91' lang='lat' dir='ltr'>qui</span> <span class='ocrx_word' id='word_1_140' title='bbox 720 1361 818 1388; x_wconf 90' lang='lat' dir='ltr'>cum</span> <span class='ocrx_word' id='word_1_141' title='bbox 843 1347 980 1403; x_wconf 84' lang='lat' dir='ltr'>possit</span> <span class='ocrx_word' id='word_1_142' title='bbox 1014 1347 1170 1404; x_wconf 85' lang='lat' dir='ltr'>stipem</span> <span class='ocrx_word' id='word_1_143' title='bbox 1195 1347 1292 1391; x_wconf 84' lang='lat' dir='ltr'>dare</span> <span class='ocrx_word' id='word_1_144' title='bbox 1316 1364 1481 1406; x_wconf 82' lang='lat' dir='ltr'>egeno‚.</span> 
     </span>
     <span class='ocr_line' id='line_1_18' title="bbox 45 1417 1507 1475; baseline 0.001 -13"><span class='ocrx_word' id='word_1_145' title='bbox 45 1433 138 1462; x_wconf 85' lang='lat' dir='ltr'>earn</span> <span class='ocrx_word' id='word_1_146' title='bbox 171 1418 367 1475; x_wconf 82' lang='lat' dir='ltr'>denegat,</span> <span class='ocrx_word' id='word_1_147' title='bbox 399 1417 659 1460; x_wconf 83' lang='lat' dir='ltr'>inhumanus</span> <span class='ocrx_word' id='word_1_148' title='bbox 696 1417 851 1460; x_wconf 87' lang='lat' dir='ltr'>dicitur</span> <span class='ocrx_word' id='word_1_149' title='bbox 885 1418 951 1461; x_wconf 85' lang='lat' dir='ltr'>vel</span> <span class='ocrx_word' id='word_1_150' title='bbox 985 1433 1149 1472; x_wconf 87' lang='lat' dir='ltr'>avarus,</span> <span class='ocrx_word' id='word_1_151' title='bbox 1195 1435 1283 1463; x_wconf 88' lang='lat' dir='ltr'>non</span> <span class='ocrx_word' id='word_1_152' title='bbox 1327 1433 1470 1464; x_wconf 84' lang='lat' dir='ltr'>tamen</span> <span class='ocrx_word' id='word_1_153' title='bbox 1504 1418 1507 1420; x_wconf 54' lang='grc'><strong>’</strong></span> 
     </span>
     <span class='ocr_line' id='line_1_19' title="bbox 44 1488 1481 1549; baseline 0.001 -17"><span class='ocrx_word' id='word_1_154' title='bbox 44 1490 241 1534; x_wconf 86' lang='lat' dir='ltr'>iniustus:</span> <span class='ocrx_word' id='word_1_155' title='bbox 276 1498 507 1548; x_wconf 68' lang='lat' dir='ltr'>pauperem</span> <span class='ocrx_word' id='word_1_156' title='bbox 530 1505 630 1532; x_wconf 90' lang='lat' dir='ltr'>sane</span> <span class='ocrx_word' id='word_1_157' title='bbox 663 1488 844 1547; x_wconf 72' lang='lat' dir='ltr'>offendit,</span> <span class='ocrx_word' id='word_1_158' title='bbox 866 1504 955 1532; x_wconf 88' lang='lat' dir='ltr'>non</span> <span class='ocrx_word' id='word_1_159' title='bbox 977 1501 1121 1533; x_wconf 86' lang='lat' dir='ltr'>tamen</span> <span class='ocrx_word' id='word_1_160' title='bbox 1144 1492 1304 1534; x_wconf 75' lang='lat' dir='ltr'>iniuria</span> <span class='ocrx_word' id='word_1_161' title='bbox 1327 1491 1481 1549; x_wconf 53' lang='lat' dir='ltr'>afficit3⁴</span> 
     </span>
     <span class='ocr_line' id='line_1_20' title="bbox 45 1560 1472 1621; baseline 0.001 -16"><span class='ocrx_word' id='word_1_162' title='bbox 45 1560 276 1605; x_wconf 86' lang='lat' dir='ltr'>discrimen</span> <span class='ocrx_word' id='word_1_163' title='bbox 309 1573 453 1605; x_wconf 88' lang='lat' dir='ltr'>autem</span> <span class='ocrx_word' id='word_1_164' title='bbox 487 1573 564 1618; x_wconf 85' lang='lat' dir='ltr'>est,</span> <span class='ocrx_word' id='word_1_165' title='bbox 588 1573 634 1604; x_wconf 89' lang='lat' dir='ltr'>ut</span> <span class='ocrx_word' id='word_1_166' title='bbox 669 1560 870 1618; x_wconf 83' lang='lat' dir='ltr'>diximus,</span> <span class='ocrx_word' id='word_1_167' title='bbox 896 1562 1003 1604; x_wconf 89' lang='lat' dir='ltr'>inter</span> <span class='ocrx_word' id='word_1_168' title='bbox 1026 1562 1242 1619; x_wconf 74' lang='lat' dir='ltr'>simplicem</span> <span class='ocrx_word' id='word_1_169' title='bbox 1275 1562 1472 1621; x_wconf 77' lang='lat' dir='ltr'>offensam</span> 
     </span>
     <span class='ocr_line' id='line_1_21' title="bbox 46 1633 1475 1691; baseline 0.001 -15"><span class='ocrx_word' id='word_1_170' title='bbox 46 1645 86 1677; x_wconf 91' lang='lat' dir='ltr'>et</span> <span class='ocrx_word' id='word_1_171' title='bbox 119 1634 332 1676; x_wconf 73' lang='lat' dir='ltr'>iniuriam.</span> <span class='ocrx_word' id='word_1_172' title='bbox 369 1633 532 1676; x_wconf 82' lang='lat' dir='ltr'>Contra</span> <span class='ocrx_word' id='word_1_173' title='bbox 565 1633 748 1675; x_wconf 87' lang='lat' dir='ltr'>iniustus</span> <span class='ocrx_word' id='word_1_174' title='bbox 781 1645 974 1690; x_wconf 82' lang='lat' dir='ltr'>vocatur,</span> <span class='ocrx_word' id='word_1_175' title='bbox 1000 1634 1072 1691; x_wconf 91' lang='lat' dir='ltr'>qui</span> <span class='ocrx_word' id='word_1_176' title='bbox 1097 1646 1293 1691; x_wconf 88' lang='lat' dir='ltr'>tempore</span> <span class='ocrx_word' id='word_1_177' title='bbox 1328 1633 1475 1678; x_wconf 89' lang='lat' dir='ltr'>debito</span> 
     </span>
     <span class='ocr_line' id='line_1_22' title="bbox 46 1703 1470 1762; baseline 0.001 -14"><span class='ocrx_word' id='word_1_178' title='bbox 46 1704 290 1762; x_wconf 87' lang='lat' dir='ltr'>depositum</span> <span class='ocrx_word' id='word_1_179' title='bbox 313 1718 400 1746; x_wconf 89' lang='lat' dir='ltr'>non</span> <span class='ocrx_word' id='word_1_180' title='bbox 423 1703 623 1747; x_wconf 82' lang='lat' dir='ltr'>restituit:</span> <span class='ocrx_word' id='word_1_181' title='bbox 648 1703 863 1761; x_wconf 89' lang='lat' dir='ltr'>siquidem</span> <span class='ocrx_word' id='word_1_182' title='bbox 890 1704 945 1746; x_wconf 82' lang='lat' dir='ltr'>ita</span> <span class='ocrx_word' id='word_1_183' title='bbox 968 1720 1011 1747; x_wconf 91' lang='lat' dir='ltr'>se</span> <span class='ocrx_word' id='word_1_184' title='bbox 1035 1719 1078 1747; x_wconf 81' lang='lat' dir='ltr'>se</span> <span class='ocrx_word' id='word_1_185' title='bbox 1097 1719 1250 1761; x_wconf 88' lang='lat' dir='ltr'>gerens</span> <span class='ocrx_word' id='word_1_186' title='bbox 1275 1717 1315 1747; x_wconf 91' lang='lat' dir='ltr'>et</span> <span class='ocrx_word' id='word_1_187' title='bbox 1339 1704 1470 1749; x_wconf 88' lang='lat' dir='ltr'>offen-</span> 
     </span>
     <span class='ocr_line' id='line_1_23' title="bbox 45 1773 1472 1828; baseline 0.001 -10"><span class='ocrx_word' id='word_1_188' title='bbox 45 1790 137 1818; x_wconf 86' lang='lat' dir='ltr'>sam</span> <span class='ocrx_word' id='word_1_189' title='bbox 171 1774 350 1818; x_wconf 90' lang='lat' dir='ltr'>domino</span> <span class='ocrx_word' id='word_1_190' title='bbox 384 1786 424 1816; x_wconf 89' lang='lat' dir='ltr'>et</span> <span class='ocrx_word' id='word_1_191' title='bbox 459 1774 657 1817; x_wconf 87' lang='lat' dir='ltr'>iniuriam</span> <span class='ocrx_word' id='word_1_192' title='bbox 693 1773 825 1818; x_wconf 85' lang='lat' dir='ltr'>affert.</span> <span class='ocrx_word' id='word_1_193' title='bbox 862 1775 1012 1828; x_wconf 87' lang='lat' dir='ltr'>Quare</span> <span class='ocrx_word' id='word_1_194' title='bbox 1046 1775 1149 1818; x_wconf 90' lang='lat' dir='ltr'>haec</span> <span class='ocrx_word' id='word_1_195' title='bbox 1182 1776 1307 1818; x_wconf 86' lang='lat' dir='ltr'>etiam</span> <span class='ocrx_word' id='word_1_196' title='bbox 1345 1775 1472 1820; x_wconf 87' lang='lat' dir='ltr'>altera</span> 
     </span>
     <span class='ocr_line' id='line_1_24' title="bbox 44 1844 1471 1904; baseline 0.001 -14"><span class='ocrx_word' id='word_1_197' title='bbox 44 1846 151 1890; x_wconf 86' lang='lat' dir='ltr'>tradi</span> <span class='ocrx_word' id='word_1_198' title='bbox 175 1857 316 1904; x_wconf 88' lang='lat' dir='ltr'>potest</span> <span class='ocrx_word' id='word_1_199' title='bbox 339 1844 530 1888; x_wconf 88' lang='lat' dir='ltr'>definitio</span> <span class='ocrx_word' id='word_1_200' title='bbox 555 1845 684 1889; x_wconf 88' lang='lat' dir='ltr'>officii</span> <span class='ocrx_word' id='word_1_201' title='bbox 709 1846 889 1891; x_wconf 73' lang='lat' dir='ltr'>iuridici:</span> <span class='ocrx_word' id='word_1_202' title='bbox 912 1860 977 1890; x_wconf 89' lang='lat' dir='ltr'>est</span> <span class='ocrx_word' id='word_1_203' title='bbox 1002 1846 1122 1904; x_wconf 86' lang='lat' dir='ltr'>illud,</span> <span class='ocrx_word' id='word_1_204' title='bbox 1148 1848 1267 1890; x_wconf 89' lang='lat' dir='ltr'>cuius</span> <span class='ocrx_word' id='word_1_205' title='bbox 1296 1848 1471 1892; x_wconf 79' lang='lat' dir='ltr'>violatio</span> 
     </span>
     <span class='ocr_line' id='line_1_25' title="bbox 45 1915 1484 1974; baseline 0.002 -16"><span class='ocrx_word' id='word_1_206' title='bbox 45 1931 133 1960; x_wconf 90' lang='lat' dir='ltr'>non</span> <span class='ocrx_word' id='word_1_207' title='bbox 167 1915 302 1959; x_wconf 91' lang='lat' dir='ltr'>modo</span> <span class='ocrx_word' id='word_1_208' title='bbox 335 1927 398 1958; x_wconf 86' lang='lat' dir='ltr'>est</span> <span class='ocrx_word' id='word_1_209' title='bbox 432 1915 605 1972; x_wconf 80' lang='lat' dir='ltr'>offensa,</span> <span class='ocrx_word' id='word_1_210' title='bbox 639 1915 713 1959; x_wconf 90' lang='lat' dir='ltr'>sed</span> <span class='ocrx_word' id='word_1_211' title='bbox 747 1917 874 1959; x_wconf 88' lang='lat' dir='ltr'>etiam</span> <span class='ocrx_word' id='word_1_212' title='bbox 909 1918 1064 1960; x_wconf 89' lang='lat' dir='ltr'>iniuria</span> <span class='ocrx_word' id='word_1_213' title='bbox 1097 1930 1161 1961; x_wconf 88' lang='lat' dir='ltr'>est</span> <span class='ocrx_word' id='word_1_214' title='bbox 1196 1918 1313 1966; x_wconf 83' lang='lat' dir='ltr'>alteri</span> <span class='ocrx_word' id='word_1_215' title='bbox 1347 1917 1484 1974; x_wconf 48' lang='lat' dir='ltr'>illata,</span> 
     </span>
     <span class='ocr_line' id='line_1_26' title="bbox 46 1988 1222 2046; baseline 0.002 -15"><span class='ocrx_word' id='word_1_216' title='bbox 46 2000 109 2031; x_wconf 91' lang='lat' dir='ltr'>est</span> <span class='ocrx_word' id='word_1_217' title='bbox 142 1988 267 2031; x_wconf 88' lang='lat' dir='ltr'>etiam</span> <span class='ocrx_word' id='word_1_218' title='bbox 302 2003 402 2030; x_wconf 86' lang='lat' dir='ltr'>vera</span> <span class='ocrx_word' id='word_1_219' title='bbox 433 1988 641 2030; x_wconf 83' lang='lat' dir='ltr'>iniustitia</span> <span class='ocrx_word' id='word_1_220' title='bbox 675 1988 717 2030; x_wconf 93' lang='lat' dir='ltr'>in</span> <span class='ocrx_word' id='word_1_221' title='bbox 752 1988 933 2031; x_wconf 83' lang='lat' dir='ltr'>alterum</span> <span class='ocrx_word' id='word_1_222' title='bbox 968 2002 1222 2046; x_wconf 88' lang='lat' dir='ltr'>perpetrata.</span> 
     </span>
    </p>

    <p class='ocr_par' dir='ltr' id='par_1_2' title="bbox 165 2059 1486 2119">
     <span class='ocr_line' id='line_1_27' title="bbox 165 2059 1486 2119; baseline 0.002 -17"><span class='ocrx_word' id='word_1_223' title='bbox 165 2060 304 2102; x_wconf 91' lang='lat' dir='ltr'>Porro</span> <span class='ocrx_word' id='word_1_224' title='bbox 338 2060 558 2113; x_wconf 87' lang='lat' dir='ltr'>iniustitia,</span> <span class='ocrx_word' id='word_1_225' title='bbox 578 2059 951 2117; x_wconf 84' lang='lat' dir='ltr'>quemadmodum</span> <span class='ocrx_word' id='word_1_226' title='bbox 976 2061 1149 2118; x_wconf 79' lang='lat' dir='ltr'>iustitia,</span> <span class='ocrx_word' id='word_1_227' title='bbox 1180 2061 1486 2119; x_wconf 54' lang='lat' dir='ltr'>multipliciter*</span> 
     </span>
    </p>
   </div>
   <div class='ocr_carea' id='block_1_2' title="bbox 43 2278 1485 2620">
    <p class='ocr_par' dir='ltr' id='par_1_3' title="bbox 43 2278 1485 2620">
     <span class='ocr_line' id='line_1_28' title="bbox 140 2278 1485 2327; baseline 0.004 -15"><span class='ocrx_word' id='word_1_228' title='bbox 140 2279 196 2323; x_wconf 88' lang='lat'>(1)</span> <span class='ocrx_word' id='word_1_229' title='bbox 223 2278 468 2320; x_wconf 82' lang='lat' dir='ltr'>Quandonam</span> <span class='ocrx_word' id='word_1_230' title='bbox 495 2279 629 2327; x_wconf 85' lang='lat' dir='ltr'>aliquid</span> <span class='ocrx_word' id='word_1_231' title='bbox 656 2281 796 2316; x_wconf 83' lang='lat' dir='ltr'>dicatur</span> <span class='ocrx_word' id='word_1_232' title='bbox 822 2292 929 2324; x_wconf 78' lang='lat' dir='ltr'>suum,</span> <span class='ocrx_word' id='word_1_233' title='bbox 966 2282 1018 2315; x_wconf 83' lang='lat' dir='ltr'>sic</span> <span class='ocrx_word' id='word_1_234' title='bbox 1057 2281 1213 2327; x_wconf 83' lang='lat' dir='ltr'>explicat</span> <span class='ocrx_word' id='word_1_235' title='bbox 1242 2294 1269 2317; x_wconf 90' lang='lat' dir='ltr'>s.</span> <span class='ocrx_word' id='word_1_236' title='bbox 1297 2282 1485 2327; x_wconf 60' lang='lat' dir='ltr'>Thomas„</span> 
     </span>
     <span class='ocr_line' id='line_1_29' title="bbox 48 2339 1471 2388; baseline 0.005 -17"><span class='ocrx_word' id='word_1_237' title='bbox 48 2347 76 2372; x_wconf 92' lang='lat'>1.</span> <span class='ocrx_word' id='word_1_238' title='bbox 103 2347 138 2382; x_wconf 90' lang='lat' dir='ltr'>p.</span> <span class='ocrx_word' id='word_1_239' title='bbox 165 2349 198 2383; x_wconf 93' lang='lat' dir='ltr'>q.</span> <span class='ocrx_word' id='word_1_240' title='bbox 217 2348 271 2371; x_wconf 88' lang='lat'>21.</span> <span class='ocrx_word' id='word_1_241' title='bbox 291 2349 324 2372; x_wconf 88' lang='lat' dir='ltr'>a.</span> <span class='ocrx_word' id='word_1_242' title='bbox 349 2348 376 2372; x_wconf 85' lang='lat' dir='ltr'>x.</span> <span class='ocrx_word' id='word_1_243' title='bbox 405 2351 422 2370; x_wconf 89' lang='lat'>«</span> <span class='ocrx_word' id='word_1_244' title='bbox 439 2339 643 2386; x_wconf 86' lang='lat' dir='ltr'>Unicuique</span> <span class='ocrx_word' id='word_1_245' title='bbox 671 2339 820 2376; x_wconf 77' lang='lat' dir='ltr'>debetur</span> <span class='ocrx_word' id='word_1_246' title='bbox 848 2340 945 2388; x_wconf 87' lang='lat' dir='ltr'>quod</span> <span class='ocrx_word' id='word_1_247' title='bbox 971 2351 1066 2375; x_wconf 83' lang='lat' dir='ltr'>suum</span> <span class='ocrx_word' id='word_1_248' title='bbox 1096 2351 1158 2376; x_wconf 87' lang='lat' dir='ltr'>est.</span> <span class='ocrx_word' id='word_1_249' title='bbox 1182 2342 1321 2376; x_wconf 84' lang='lat' dir='ltr'>Dicitur</span> <span class='ocrx_word' id='word_1_250' title='bbox 1349 2351 1471 2378; x_wconf 81' lang='lat' dir='ltr'>autem</span> 
     </span>
     <span class='ocr_line' id='line_1_30' title="bbox 46 2396 1471 2446; baseline 0.004 -16"><span class='ocrx_word' id='word_1_251' title='bbox 46 2407 123 2431; x_wconf 88' lang='lat' dir='ltr'>esse</span> <span class='ocrx_word' id='word_1_252' title='bbox 149 2404 246 2431; x_wconf 79' lang='lat' dir='ltr'>suum</span> <span class='ocrx_word' id='word_1_253' title='bbox 271 2396 433 2439; x_wconf 76' lang='lat' dir='ltr'>alicuius,</span> <span class='ocrx_word' id='word_1_254' title='bbox 462 2398 558 2445; x_wconf 87' lang='lat' dir='ltr'>quod</span> <span class='ocrx_word' id='word_1_255' title='bbox 586 2401 629 2433; x_wconf 87' lang='lat' dir='ltr'>ad</span> <span class='ocrx_word' id='word_1_256' title='bbox 659 2399 776 2446; x_wconf 88' lang='lat' dir='ltr'>ipsum</span> <span class='ocrx_word' id='word_1_257' title='bbox 806 2400 1006 2443; x_wconf 86' lang='lat' dir='ltr'>ordinatur,</span> <span class='ocrx_word' id='word_1_258' title='bbox 1033 2401 1126 2436; x_wconf 84' lang='lat' dir='ltr'>sicut</span> <span class='ocrx_word' id='word_1_259' title='bbox 1153 2411 1205 2436; x_wconf 89' lang='lat' dir='ltr'>est</span> <span class='ocrx_word' id='word_1_260' title='bbox 1241 2413 1365 2436; x_wconf 88' lang='lat' dir='ltr'>servus</span> <span class='ocrx_word' id='word_1_261' title='bbox 1400 2401 1471 2436; x_wconf 91' lang='lat' dir='ltr'>do-</span> 
     </span>
     <span class='ocr_line' id='line_1_31' title="bbox 43 2456 1467 2506; baseline 0.004 -17"><span class='ocrx_word' id='word_1_262' title='bbox 43 2456 130 2490; x_wconf 87' lang='lat' dir='ltr'>mini</span> <span class='ocrx_word' id='word_1_263' title='bbox 159 2464 192 2490; x_wconf 88' lang='lat' dir='ltr'>et</span> <span class='ocrx_word' id='word_1_264' title='bbox 218 2468 294 2491; x_wconf 91' lang='lat' dir='ltr'>non</span> <span class='ocrx_word' id='word_1_265' title='bbox 322 2468 340 2491; x_wconf 91' lang='lat' dir='ltr'>e</span> <span class='ocrx_word' id='word_1_266' title='bbox 368 2469 591 2493; x_wconf 76' lang='lat' dir='ltr'>converSO.»</span> <span class='ocrx_word' id='word_1_267' title='bbox 621 2460 664 2494; x_wconf 91' lang='lat' dir='ltr'>Et</span> <span class='ocrx_word' id='word_1_268' title='bbox 692 2460 726 2493; x_wconf 89' lang='lat' dir='ltr'>in</span> <span class='ocrx_word' id='word_1_269' title='bbox 756 2469 787 2494; x_wconf 88' lang='lat'>2.</span> <span class='ocrx_word' id='word_1_270' title='bbox 816 2471 847 2495; x_wconf 88' lang='lat'>2.</span> <span class='ocrx_word' id='word_1_271' title='bbox 876 2472 908 2506; x_wconf 93' lang='lat' dir='ltr'>q.</span> <span class='ocrx_word' id='word_1_272' title='bbox 939 2461 991 2503; x_wconf 81' lang='lat'>58.</span> <span class='ocrx_word' id='word_1_273' title='bbox 1019 2472 1051 2496; x_wconf 81' lang='lat' dir='ltr'>a.</span> <span class='ocrx_word' id='word_1_274' title='bbox 1091 2472 1154 2496; x_wconf 87' lang='lat'>11.:</span> <span class='ocrx_word' id='word_1_275' title='bbox 1188 2475 1205 2492; x_wconf 68' lang='grc' dir='ltr'><em>κ</em></span> <span class='ocrx_word' id='word_1_276' title='bbox 1224 2462 1303 2497; x_wconf 86' lang='lat' dir='ltr'>Hoc</span> <span class='ocrx_word' id='word_1_277' title='bbox 1338 2460 1467 2496; x_wconf 87' lang='lat' dir='ltr'>dicitur</span> 
     </span>
     <span class='ocr_line' id='line_1_32' title="bbox 45 2516 1483 2567; baseline 0.003 -18"><span class='ocrx_word' id='word_1_278' title='bbox 45 2525 124 2550; x_wconf 87' lang='lat' dir='ltr'>esse</span> <span class='ocrx_word' id='word_1_279' title='bbox 148 2527 252 2550; x_wconf 87' lang='lat' dir='ltr'>suum</span> <span class='ocrx_word' id='word_1_280' title='bbox 281 2516 473 2564; x_wconf 90' lang='lat' dir='ltr'>unicuique</span> <span class='ocrx_word' id='word_1_281' title='bbox 500 2529 692 2564; x_wconf 85' lang='lat' dir='ltr'>personae,</span> <span class='ocrx_word' id='word_1_282' title='bbox 723 2519 820 2566; x_wconf 92' lang='lat' dir='ltr'>quod</span> <span class='ocrx_word' id='word_1_283' title='bbox 847 2519 878 2554; x_wconf 85' lang='lat' dir='ltr'>ei</span> <span class='ocrx_word' id='word_1_284' title='bbox 907 2521 1108 2556; x_wconf 84' lang='lat' dir='ltr'>secundum</span> <span class='ocrx_word' id='word_1_285' title='bbox 1137 2521 1385 2567; x_wconf 88' lang='lat' dir='ltr'>proportionis</span> <span class='ocrx_word' id='word_1_286' title='bbox 1412 2530 1483 2554; x_wconf 87' lang='lat' dir='ltr'>ae-·</span> 
     </span>
     <span class='ocr_line' id='line_1_33' title="bbox 45 2572 479 2620; baseline 0.002 -12"><span class='ocrx_word' id='word_1_287' title='bbox 45 2572 256 2620; x_wconf 81' lang='lat' dir='ltr'>qualitatem</span> <span class='ocrx_word' id='word_1_288' title='bbox 284 2574 444 2611; x_wconf 86' lang='lat' dir='ltr'>debetur.</span> <span class='ocrx_word' id='word_1_289' title='bbox 461 2590 479 2609; x_wconf 89' lang='lat'>&gt;›</span> 
     </span>
    </p>
   </div>
  </div>
 </body>
</html>
