1737 2802
738 89 1004 132 -354—

154 171 275 228 Iuda,
307 171 521 214 distribuit
554 173 595 214 in
629 185 816 231 quatuor
849 187 1004 232 parte8‚
1041 173 1177 219 Caina
1209 178 1426 222 Antenora
1474 176 1589 224 Tolo-

154 259 243 286 mea
282 244 495 287 Gindecca.
521 269 578 277 -
601 245 732 288 Hisce
756 245 899 288 modis
924 245 1060 290 homo
1084 262 1178 290 esse
1202 261 1359 305 potest,
1384 261 1426 292 et
1458 265 1590 308 quam

156 314 400 372 frequenter
434 329 496 358 est
547 317 749 360 iniustus!
798 319 949 360 Homo
997 318 1171 373 scilicet,
1213 320 1587 377 quemadmodum

155 388 245 429 suis
281 387 484 430 omnibus
511 389 704 430 numeris
729 388 949 432 absolutus
984 402 1047 433 est
1071 391 1320 435 animalium
1356 394 1592 451 optimum,

156 459 208 500 im
243 473 267 499 a
309 459 387 515 Iege
420 469 454 501 et
489 460 575 502 inre
607 469 785 503 semotus
817 474 880 504 est
923 462 1123 505 omnium
1159 462 1457 509 deterrimum:
1489 479 1587 524 χω-

156 525 296 589 ρίσῧὲν
331 529 471 588 νὸμσυ
506 526 582 573 καὶ
617 528 745 583 δίκης
778 526 997 592 χείριστον
1033 531 1209 576 πάντων
1244 535 1317 594 (1).

220 732 250 777 ξζ.
276 732 330 765 ΙΙ.
357 732 418 766 De
444 732 580 767 officio
608 733 880 767 subveniendi
906 733 1097 776 proximo
1125 743 1175 768 ex
1201 734 1322 769 bonis
1347 736 1515 772 nostris.

279 901 376 943 103.
414 905 436 927 «
457 887 728 940 Quantulum
765 900 845 940 est,
881 900 995 930 recte
1029 887 1134 931 dixit
1157 888 1316 932 Seneca
1339 890 1414 946 (2),
1439 890 1476 933 ei
1499 905 1588 934 non

153 973 322 1011 nocere,
372 959 439 1001 cui
489 957 640 1001 debeas
689 959 818 1001 etiam
869 958 1100 1016 prodesse!
1136 977 1160 1000 »
1211 960 1345 1002 Parva
1393 960 1588 1018 profecto

152 1029 243 1072 laus
277 1042 356 1086 est,
391 1029 601 1072 abstinere
649 1045 671 1072 a
713 1029 930 1073 laedendis
979 1030 1163 1073 aliorum
1213 1030 1392 1086 iuribus,
1425 1033 1588 1076 nemini

150 1101 308 1144 inferre
342 1102 541 1144 iniuriam
577 1102 618 1143 in
652 1100 775 1144 bonis
811 1101 962 1158 ipsius,
997 1100 1135 1144 officia
1168 1101 1348 1160 implere
1386 1104 1585 1147 iustitiae.

154 1172 299 1215 «Noli
332 1188 522 1215 arescere
556 1186 596 1216 et
629 1172 783 1216 sterilis
818 1187 972 1216 esse.»
1017 1172 1177 1216 Praebe
1215 1173 1335 1217 alteri
1377 1174 1582 1218 auxilium

150 1260 199 1287 ex
231 1244 355 1287 bonis
390 1246 489 1302 tuis,
523 1244 661 1288 officia
694 1244 825 1303 imple
860 1244 1137 1288 humanitatis
1183 1258 1223 1289 et
1268 1245 1586 1291 beneficentiae.

151 1319 277 1371 Quae
317 1319 432 1361 enim
483 1317 660 1370 utilitas,
697 1318 862 1375 quaerit
911 1317 1169 1360 Aristoteles
1203 1318 1281 1374 (35,
1333 1317 1585 1362 huiusmodi

148 1389 462 1446 prosperitatis,
490 1388 652 1431 sublata
674 1386 982 1431 beneficentia?
1016 1382 1068 1430 Τί
1099 1387 1185 1452 γὰρ
1220 1387 1372 1448 &pelog-
1407 1396 1485 1442 τῆς
1508 1404 1583 1432 το-

148 1458 305 1512 ιαύτης
340 1457 563 1524 εὐετηρίας
600 1453 907 1521 ἀφαιρεθείσης
943 1457 1203 1518 εὐεργεσίας

655 1665 824 1708 ΤΗΕειε
857 1665 1073 1708 XXXIV.

147 1763 213 1805 Ex
234 1762 483 1820 aequalitate
515 1776 583 1805 sen
604 1761 967 1804 communicatione
1000 1758 1173 1802 eiusdem
1207 1767 1382 1802 naturae
1408 1759 1587 1816 exsurgit

264 1834 447 1890 generale
482 1833 653 1890 officinm
684 1831 856 1875 amandi
886 1832 990 1875 alios
1037 1832 1136 1875 sicut
1181 1832 1459 1889 nosmetipsos,
1491 1832 1519 1874 i.
1552 1846 1583 1874 e.

269 1920 349 1948 non
381 1904 512 1947 solnm
544 1919 625 1946 non
653 1903 837 1946 laedendi
858 1903 962 1946 alios
986 1904 1028 1946 in
1048 1902 1226 1961 propriis
1249 1902 1432 1960 ipsorum
1455 1901 1584 1959 bonis,

266 1978 332 2020 sed
364 1979 488 2020 etiam
520 1977 622 2019 alios
655 1992 704 2019 ex
737 1975 851 2019 honis
883 1977 1033 2018 nostris
1067 1973 1313 2033 opitulandi.

273 2088 367 2128 104.
404 2073 790 2115 DEMONSTRATIO.
825 2070 1068 2128 Dupliciter
1101 2084 1336 2128 possumus
1381 2067 1584 2112 conside-

147 2160 238 2187 rare
272 2144 473 2187 homines
507 2170 565 2174 —
598 2142 818 2187 secundnm
851 2143 1015 2200 speciem
1059 2157 1134 2184 seu
1184 2142 1397 2184 essentiam
1429 2164 1487 2173 —
1519 2155 1583 2183 se-

144 2216 322 2259 cundum
356 2215 636 2258 individuum..
662 2215 705 2258 Si
731 2219 773 2266 α)
809 2214 1010 2256 homines
1031 2212 1270 2256 secundum
1294 2212 1482 2269 speciem
1509 2226 1583 2254 seu

238 2436 293 2479 (1)
322 2436 373 2469 Ita
399 2435 631 2478 Aristoteles,
659 2433 764 2479 polit.
790 2433 816 2469 1.
848 2443 875 2468 1.

240 2496 291 2538 (2)
320 2496 383 2540 Ep.
410 2504 468 2541 95.

239 2555 294 2599 (3)
322 2554 426 2590 Ethic
453 2554 552 2589 VIII.
587 2564 614 2589 1.
