1737 2802
710 166 977 209 -377-

318 247 456 295 aliquot
483 249 643 284 caetibus
668 248 768 294 viget
788 267 832 275 —-
852 259 942 295 quae
969 247 1085 294 viguit
1112 247 1206 283 inter
1233 247 1436 293 primitivos

318 306 443 342 fideles
482 307 853 354 Hierosolymitanos.
896 327 934 332 -—
976 307 1110 342 Utrum
1149 317 1267 341 rerum
1307 305 1438 340 divisio

318 365 442 402 fuisset
469 367 504 400 in
531 376 625 402 statu
652 365 838 413 originalis
866 366 1023 401 iustitiae
1028 391 1432 402 ........

125 423 306 470 Thesis
338 426 506 470 XXVI.
543 451 595 457 —-
632 426 694 468 De
728 425 862 478 modo,
911 441 987 483 qno
1036 424 1218 468 dominia
1263 424 1437 482 privata

306 496 525 540 dimanant
556 512 582 539 a
615 506 783 540 natura.
830 531 839 540 .

220 567 278 613 83.
303 569 625 603 Demonstratio.
653 587 694 594 -·
729 578 756 603 1.
783 567 933 603 Actuale
960 569 1015 602 ius
1044 568 1172 614 privati
1212 567 1362 602 alicuius
1400 567 1437 602 in

313 627 381 662 hac
407 627 463 662 vel
493 627 554 662 illa
582 627 755 674 peculiari
781 638 818 662 re
844 646 889 653 -
915 639 991 661 non
1019 635 1072 662 est
1096 639 1115 661 a
1142 635 1269 661 natura
1306 627 1436 660 imme-

315 686 409 721 diate
433 707 481 713 —
507 687 568 721 sed
604 686 777 729 mediate,
814 686 834 720 i.
865 698 897 723 e.
938 685 1069 720 mediis
1107 684 1278 720 humanis
1316 685 1433 727 factis,

314 756 377 779 seu
404 754 670 792 consequenter
697 746 739 780 ad
765 745 945 779 humanae
977 744 1171 780 activitatis
1210 744 1434 780 exercitium.

316 824 359 829 —
387 814 418 839 2.
447 805 598 840 Factum
626 805 896 851 primigenium,
924 815 995 850 quo
1022 815 1089 847 res,
1117 815 1208 850 quae
1234 812 1313 838 actu
1347 802 1433 837 nul-

314 862 384 897 lius
411 872 499 906 erat,
529 865 648 910 primo
676 863 714 899 fit
741 864 901 908 alicuius,
921 872 975 898 est
992 864 1196 909 occupatio,
1215 864 1270 897 cui
1297 862 1435 897 accedit

313 924 417 959 labor
442 936 504 960 seu
531 925 705 960 industria
733 926 823 959 circa
850 936 925 959 rem
953 932 1168 970 occupatam
1186 923 1359 958 adhibita:
1389 941 1433 948 —

312 982 408 1018 facta
435 993 558 1019 autem
584 984 808 1027 secundaria,
835 984 963 1031 quibus
988 995 1046 1019 res
1073 995 1092 1017 a
1121 983 1285 1018 dominio
1326 984 1434 1018 unius

311 1045 438 1079 transit
464 1045 499 1078 in
538 1044 744 1078 dominium
783 1043 941 1086 alterius,
981 1051 1064 1078 sunt
1102 1042 1214 1089 plura,
1240 1043 1434 1088 praecipue

311 1115 397 1139 vero
425 1112 645 1138 contractus.
663 1124 710 1130 —
739 1115 769 1149 3.
789 1105 878 1147 Qno
906 1114 1013 1138 sensu
1042 1102 1110 1137 dici
1138 1102 1252 1149 possit
1271 1102 1433 1136 dominia

310 1163 447 1209 privata
476 1175 552 1199 esse
579 1175 598 1198 a
623 1173 752 1198 natura
779 1163 1004 1199 immediate:
1033 1184 1075 1188 —
1104 1164 1133 1197 si
1161 1172 1369 1210 spectentur
1395 1164 1432 1197 in

309 1226 471 1269 potentia
496 1244 544 1251 —
570 1224 625 1258 vel
655 1225 764 1259 etiam
792 1226 828 1259 in
855 1233 948 1267 actu,
969 1225 1030 1259 sed
1059 1224 1340 1259 indeterminate
1367 1235 1430 1258 seu

309 1282 344 1315 in
373 1294 506 1329 genere
509 1310 1420 1319 ................

213 1342 269 1386 84.
298 1343 511 1378 Scholion.
538 1363 582 1369 —
610 1343 788 1385 Quonam
827 1354 934 1378 sensu
973 1343 1102 1378 debeat
1140 1342 1293 1390 intelligi
1331 1342 1431 1386 illud,

307 1401 403 1448 quod
432 1401 501 1435 dici
528 1401 632 1436 solet:
659 1402 696 1435 in
725 1402 840 1447 prima
866 1413 985 1436 rerum
1013 1401 1156 1448 origine
1180 1402 1278 1436 bona
1303 1402 1429 1437 omnia

306 1459 415 1494 fuisse
441 1460 651 1494 communia
658 1487 1426 1496 ..............

108 1514 296 1565 Thesis
328 1519 514 1563 XXVII.
549 1544 607 1552 -
641 1521 703 1563 De
736 1519 907 1563 dominii
928 1520 1199 1563 translatione
1225 1528 1297 1578 per
1329 1535 1427 1563 con-

291 1599 462 1634 tractus.
511 1626 520 1634 .

206 1662 262 1707 ὃς.
289 1663 651 1698 praenotiones.—
676 1663 813 1704 1.Quid
825 1662 1428 1710 sitcontractus.—2.Quotuplex

302 1722 360 1756 sit:
384 1741 425 1747 -
445 1732 638 1763 onerosus,
663 1722 840 1767 gratuitus
857 1742 905 1748 -—
922 1723 1151 1765 nominatus,
1173 1722 1428 1758 innominatus

303 1801 348 1808 —
376 1781 660 1824 conditionatus‚
695 1781 885 1817 absolutus
912 1803 956 1807 —
985 1794 1185 1829 expressus,
1222 1783 1363 1818 tacitus.
1415 1811 1423 1819 .

206 1840 263 1876 86.
289 1841 609 1876 Demonstratio.
637 1859 681 1867 -
713 1852 740 1875 1.
772 1841 827 1876 De
867 1841 1022 1876 naturali
1063 1841 1302 1888 obligatione,
1330 1854 1421 1889 quae

305 1912 347 1935 ex
374 1900 619 1935 contractibus
644 1899 762 1935 valide
802 1900 899 1935 initis
935 1901 1058 1936 oritur.
1086 1920 1130 1927 —
1158 1911 1189 1935 2.
1217 1900 1426 1937 Traduntur

302 1958 532 1994 conditiones
559 1960 638 2004 ipso
665 1958 818 1993 naturali
844 1960 919 1993 iure
954 1961 1176 1994 necessariae
1202 1960 1245 1994 ad
1275 1969 1425 1996 contra-

304 2028 427 2053 ctuum
455 2018 691 2053 validitatem:
726 2039 762 2044 —
791 2019 943 2053 materia
969 2028 1050 2065 apta
1067 2039 1111 2045 —
1131 2020 1334 2055 subiectum
1362 2032 1424 2055 ca-

305 2089 376 2123 pax
414 2099 441 2102 —
475 2088 677 2112 consensus
704 2077 902 2124 legitimus.
993 2080 1051 2113 An
1079 2078 1134 2112 his
1164 2078 1304 2124 possint
1329 2079 1424 2114 aliae

301 2136 533 2171 conditiones
559 2136 639 2170 addi
660 2148 721 2182 per
739 2137 838 2183 leges
866 2138 1050 2182 positivas.
1069 2157 1114 2164 —
1145 2149 1177 2183 3.
1198 2139 1254 2173 De
1284 2139 1420 2179 modis,

303 2195 430 2242 quibus
457 2195 634 2241 obligatio
663 2207 706 2230 ex
734 2204 924 2230 contractu
943 2205 1021 2230 orta
1047 2205 1168 2242 potest
1194 2196 1360 2232 deficere:
1379 2216 1424 2224 —

303 2254 346 2287 ab
373 2253 579 2288 extrinseco
606 2273 650 2280 —
677 2255 720 2288 ab
747 2253 945 2289 intrinseco
951 2281 1420 2292 .........

206 2312 263 2358 87.
290 2312 502 2348 Scholion.
528 2333 575 2340 —
599 2313 730 2348 Utrum
759 2322 967 2348 contractus
1001 2314 1082 2349 initi
1120 2325 1163 2349 ex
1201 2326 1322 2351 errore
1361 2324 1423 2351 aut

302 2382 344 2405 ex
370 2379 470 2405 metu
496 2370 566 2404 sint
593 2369 699 2404 validi
729 2382 843 2406 necne
847 2397 1422 2409 ...........

110 2429 294 2474 Thesis
325 2429 534 2472 XXVIII.
571 2455 628 2461 —
663 2431 723 2473 De
757 2430 951 2473 limitibus
975 2429 1148 2474 dominii
1171 2432 1346 2488 privati.

205 2499 262 2535 88.
288 2500 612 2535 Demonstratio.
640 2519 685 2525 —
728 2511 756 2534 1.
783 2499 977 2535 Refutatur
1014 2501 1192 2536 sententia
1231 2502 1420 2538 Hobbesii.

301 2577 346 2584 —-
375 2567 406 2593 2.
433 2556 624 2592 Refellitur
648 2557 790 2593 theoria
817 2559 859 2593 de
886 2560 1101 2606 aequatione
1138 2561 1320 2596 bonorum
1359 2573 1421 2597 seu

300 2617 346 2652 de
372 2617 512 2664 aequali
539 2628 659 2652 rerum
685 2618 777 2652 inter
804 2618 965 2664 privatos
992 2619 1198 2666 partitione.
1225 2647 1233 2655 .
1287 2648 1295 2656 .

1488 373 1558 412 290

1424 529 1435 539 .
1470 507 1555 551 292

1495 1283 1545 1320 ib.

1480 1469 1546 1504 301

1415 1627 1424 1637 ·
1462 1604 1546 1649 305

1497 1785 1546 1821 ib.

1474 2254 1544 2300 306

1475 2383 1542 2421 309

1410 2467 1419 2475 .
1458 2445 1537 2487 311

1492 2620 1542 2656 ib.
