1737 2802
1572 0 1694 41 *fr*

208 217 331 259 zione
366 214 414 257 da
433 215 527 257 loro
551 214 885 272 appellasiforza
910 222 1040 257 morta
1059 232 1081 256 υ
1100 215 1174 271 (1).
1194 215 1242 258 In
1261 214 1327 258 his
1346 226 1508 269 autern,
1527 230 1656 274 quae·
1732 227 1737 277 5

210 287 414 339 diximus,
450 287 674 343 praecipua
707 285 835 328 etiam
885 283 1102 328 doctrinae
1149 286 1282 344 capita
1328 285 1374 329 de
1421 287 1636 330 cessatione

212 360 384 415 iuriam,
417 370 627 415 quantum
661 356 761 399 satis
796 368 874 411 est,
911 354 1132 401 habentur.

689 675 1032 721 ARTICULUS
1065 676 1159 719 VII.

636 807 707 850 De
737 807 790 849 vi
822 807 945 849 iuris
975 807 1216 850 coactiva.

779 961 946 1004 Tfflzsis
980 960 1081 1005 VII.

220 1097 290 1139 Ins
321 1095 365 1136 vi
394 1093 513 1151 pollet
545 1092 744 1146 coactiva,
782 1100 868 1134 tum
901 1090 956 1133 ad
1002 1090 1300 1149 impediendum
1346 1107 1393 1135 ne
1437 1091 1638 1147 laedatur,

332 1174 419 1208 mm
450 1164 505 1208 ad
536 1163 774 1221 exigendum
795 1172 839 1206 nt
863 1165 899 1207 si
922 1163 1077 1206 laesum
1098 1164 1246 1206 iniuste
1259 1163 1394 1221 fuerit
1417 1173 1639 1224 reparetur.

339 1310 403 1351 19.
438 1297 812 1340 PRAENowoNEs.
842 1295 989 1339 Restat
1026 1306 1070 1336 ut
1088 1293 1138 1337 de
1157 1294 1231 1338 illo
1254 1309 1432 1352 agamus
1457 1296 1560 1340 iuris
1584 1310 1641 1340 at-

210 1367 390 1419 tributo,
426 1365 542 1424 quod
578 1367 846 1409 coactionem
881 1377 1051 1416 vocant,
1087 1381 1162 1408 seu
1187 1364 1238 1409 de
1261 1365 1537 1434 vindicatione
1570 1367 1642 1427 (2)

214 1442 393 1496 agamus
426 1439 693 1481 iniuriarum.
730 1438 788 1480 Ut
821 1449 963 1479 autem
997 1436 1073 1479 hac
1101 1437 1143 1479 in
1178 1435 1289 1480 thesi
1308 1436 1502 1482 ordinate
1535 1454 1641 1497 pro-

213 1508 473 1566 grediamur,
507 1508 662 1566 duplex
705 1520 876 1565 tempus
910 1523 984 1550 seu
1029 1507 1250 1565 duplicem
1298 1507 1432 1552 veluti
1481 1522 1641 1554 statum

212 1581 392 1623 iniuriae
433 1579 756 1637 distinguimus.
805 1580 961 1622 Iniuria
1010 1578 1170 1622 scilicet
1217 1580 1284 1622 vel
1331 1581 1374 1623 in
1409 1596 1459 1624 eo
1494 1594 1557 1624 est
1593 1595 1640 1624 ut

210 1651 415 1695 inferatur
447 1651 512 1695 vel
546 1651 657 1694 illata
681 1652 765 1693 iam
791 1650 868 1694 fuit
892 1658 1271 1704 et'consumm.1ta,
1297 1651 1466 1696 brevius
1485 1651 1551 1696 vel
1575 1666 1638 1696 est

310 1917 363 1960 (1)
392 1916 464 1950 Aer
486 1927 519 1961 =e.
546 1927 580 1961 g.
608 1915 870 1960 comprimatur
890 1917 926 1949 in
954 1925 1048 1948 vase.
1079 1915 1207 1950 Existit
1234 1915 1280 1950 ibi
1310 1914 1474 1961 profecto
1499 1915 1552 1950 vis
1579 1926 1621 1950 ae
1652 1931 1655 1933 Α

213 1976 260 2010 ris
285 1976 491 2023 expansi-vag
514 1986 587 2009 non
616 1987 655 2009 ea
682 1984 804 2009 tamen
831 1983 990 2020 apparet,
1019 1975 1100 2020 quia
1127 1974 1323 2020 impeditur
1340 1975 1374 2009 vi
1393 1974 1475 2017 alia,
1503 1975 1644 2010 scilicet

213 2035 413 2070 resistentia
446 2035 552 2068 vasis.
591 2034 626 2069 Si
655 2035 723 2069 alia
749 2034 837 2068 haec
867 2034 918 2067 vis
956 2042 1080 2075 cesset,
1118 2033 1241 2083 statim
1281 2034 1477 2079 expansiva
1512 2035 1565 2069 vis
1602 2029 1667 2069 se*

217 2094 336 2141 prodit
362 2105 402 2128 ac
430 2094 644 2128 manifestat.

313 2153 369 2198 (1)
394 2153 487 2187 Vide
528 2153 780 2187 definitionem
821 2151 1090 2194 vindicationis,
1130 2163 1237 2198 quarn
1276 2152 1492 2186 tradidimus
1529 2163 1645 2198 super.

215 2213 287 2246 vol.
317 2213 342 2246 Ι.
369 2212 460 2246 thes.
487 2212 613 2247 LVIII.
656 2223 736 2257 pag.
776 2220 856 2253 445.
959 2210 1114 2252 Tullius,
1143 2211 1186 2245 de
1227 2212 1365 2246 invent.
1396 2212 1419 2247 l.
1445 2211 1488 2247 II.
1530 2221 1646 2256 c..·)·3.

218 2282 253 2304 n.
287 2269 373 2311 161„
399 2271 449 2304 sic
477 2269 599 2304 definit
628 2271 797 2304 virtutem
823 2268 1084 2303 vindicationis:
1112 2278 1165 2304 est
1192 2281 1243 2312 ea,
1272 2282 1290 2300 «
1308 2281 1371 2316 per
1389 2281 1496 2317 quam
1516 2269 1569 2304 vis
1587 2279 1647 2305 aut

216 2330 347 2363 iniuria
373 2338 407 2364 et
434 2330 586 2365 omnino
605 2341 715 2364 omne
735 2328 834 2375 quod
855 2328 1064 2363 obfuturum
1092 2336 1156 2371 est,
1175 2326 1379 2369 defendendo
1404 2331 1469 2374 (en
1489 2329 1647 2374 primum

215 2388 320 2423 huius
348 2389 488 2423 virtutis
515 2400 662 2430 munus,
691 2388 838 2422 iniurias
866 2387 990 2422 debito
1019 2387 1131 2421 modo
1158 2387 1334 2433 impedire
1362 2399 1406 2422 ne
1445 2386 1548 2432 fia-nt)
1576 2395 1647 2421 -aut

214 2446 399 2482 ulciscendo
424 2449 486 2493 (en
514 2448 666 2482 alterum
695 2447 856 2481 eiusdem
884 2458 1029 2488 munus,
1058 2446 1191 2480 iustam
1220 2445 1402 2481 illatarum
1435 2446 1647 2481 iniuriarum

216 2508 481 2552 reparationem
507 2507 672 2542 ordinato
699 2506 812 2540 modo
840 2506 1000 2551 exigere)
1029 2505 1272 2551 propulsatur.
1302 2520 1318 2538 >2
1349 2506 1406 2541 De
1432 2505 1498 2540 hac
1515 2504 1647 2540 virtute

219 2566 403 2612 praeclare
431 2567 506 2612 agit
526 2578 553 2601 s.
574 2565 749 2607 Thomas,
780 2574 810 2598 2.
839 2574 869 2598 2.
899 2576 928 2610 q.
965 2563 1039 2599 108.
