1737 2802
724 88 991 144 -133-

143 185 259 228 nitus
292 184 500 230 docemur
523 183 574 228 de
598 183 675 227 hac
698 181 1024 243 superrationali
1047 183 1246 236 veritate,
1274 183 1413 240 Pater,
1439 182 1572 227 Fifius

142 266 180 302 et
214 258 389 317 Spiritus
438 256 626 308 Sanctus,
673 270 776 299 unus
817 263 972 298 natura
1021 255 1134 298 Deus
1181 262 1215 297 et
1255 263 1452 312 personae
1494 262 1572 298 tres

144 330 249 373 inter
278 344 316 373 se
347 328 575 381 distin·tae‚
610 328 870 386 percipimus
900 326 956 383 id,
981 324 1100 385 quod
1136 324 1308 369 credere
1342 324 1565 370 debemus,

139 400 355 446 Notiones
390 401 504 444 enim
538 399 686 443 saltem
722 397 922 442 confusas
957 407 1127 441 naturae
1151 412 1196 440 ac
1217 396 1430 455 persffnae,
1456 396 1568 439 iden-

142 473 275 517 titatis
321 484 362 515 et
393 471 661 516 distinctionis
708 470 915 514 habemus
958 469 1054 529 (1):
1100 468 1323 524 habemus,
1373 469 1567 525 inquam,

142 545 240 602 quia
288 544 337 587 iis
382 543 597 591 vocabulis
642 544 806 587 utimur
849 543 1007 601 passim
1056 540 1140 600 (2).
1186 566 1242 574 —
1282 539 1477 596 Secundo,
1518 555 1569 582 ex

140 614 346 659 infallibili
381 617 460 660 Dei
494 615 720 659 revelantis
744 615 996 658 testimonio
1023 614 1124 657 certi
1149 612 1372 656 reldimur
1404 611 1456 655 de
1479 613 1567 655 exi-

139 688 282 731 stentia
317 704 449 731 nexus
495 687 784 746 praedicatum
830 687 939 730 inter
985 699 1024 729 et
1070 685 1326 742 subiectum,
1366 701 1402 729 e.
1436 699 1476 741 g.
1512 684 1568 728 ita

139 774 238 802 vere
272 760 313 802 in
342 759 496 804 divinis
520 775 610 803 rem
633 775 742 812 esse,
769 760 975 802 unitatem
1000 770 1172 800 naturae
1198 756 1436 800 consociari
1465 771 1564 798 cum

139 831 324 874 trinitate
358 846 655 889 personarum.

257 903 304 946 In
338 919 424 961 quo
459 904 587 960 igitur
622 919 742 946 mens
777 915 923 945 nostra
947 900 1104 954 deficit,
1129 902 1258 944 etiam
1285 912 1382 958 post
1407 897 1560 941 factam

139 989 160 1017 a
194 973 289 1017 Deo
313 975 506 1032 mysterii
532 975 867 1018 revelationem?
892 973 1047 1017 Deficit
1070 974 1112 1015 in
1136 971 1320 1016 duobus,
1346 997 1398 1002 —
1423 970 1562 1013 Primo

137 1060 226 1088 non
259 1044 465 1089 habemus
499 1045 612 1090 ideas
644 1048 837 1105 proprias
875 1045 1053 1089 subiecti
1101 1045 1167 1088 vel
1216 1043 1443 1102 praedicati
1494 1042 1562 1086 vel

137 1117 376 1175 utriusque.
415 1144 465 1150 —-
503 1118 697 1176 Secundo,
730 1133 869 1176 neque
903 1117 1148 1161 immediate
1183 1132 1260 1159 nec
1294 1114 1478 1158 mediate
1500 1115 1562 1157 vi-

137 1188 289 1232 demus
324 1190 613 1247 praedicatum
649 1192 690 1234 in
725 1190 934 1245 subiecto,
967 1205 1041 1233 seu
1072 1189 1190 1234 deest
1240 1188 1363 1232 nobis
1408 1189 1564 1230 intrin-

135 1275 222 1303 seca
255 1260 468 1304 evidentia
502 1277 540 1304 m
567 1262 622 1315 di,
656 1277 742 1320 quo
777 1261 922 1305 iudicii
957 1262 1128 1304 termini
1164 1261 1272 1303 inter
1317 1275 1362 1303 se
1396 1273 1559 1302 conve-

137 1333 262 1375 niunt
295 1348 369 1375 seu
406 1346 559 1376 mutuo
594 1333 838 1377 cohaerent.
877 1333 1002 1377 Unde
1036 1334 1162 1376 etiam
1198 1345 1295 1390 post
1345 1332 1496 1375 factam
1545 1347 1568 1374 a

137 1403 233 1446 Deo
267 1403 574 1448 revelationem
609 1407 863 1463 mysterium
914 1418 1056 1448 manet
1105 1420 1183 1462 pro
1232 1403 1356 1448 nobis
1404 1404 1562 1447 veritas

135 1473 301 1519 occulta.-
333 1491 422 1518 non
454 1477 570 1519 enim
604 1476 728 1519 nobis
766 1476 1062 1534 manifestatur
1097 1476 1237 1520 modus
1286 1477 1564 1528 intrinsecus,

136 1546 211 1590 sed
243 1547 524 1592 solummodo
557 1551 770 1593 existentia
804 1565 936 1593 nexus
962 1550 1070 1592 inter
1104 1548 1393 1607 praedicatum
1416 1560 1457 1592 et
1481 1563 1560 1590 su-

136 1618 340 1664 biectum.

253 1693 353 1747 Sed,
389 1709 580 1751 quaeres,
613 1710 712 1737 cum
747 1710 868 1738 mens
903 1707 1049 1738 nostra
1081 1695 1123 1737 in
1157 1693 1221 1737 his
1247 1692 1416 1737 duobus
1451 1691 1562 1736 defi-

135 1765 227 1820 ciat,
261 1765 486 1822 quomodo
521 1766 768 1823 propositae
799 1767 965 1809 veritati
1002 1778 1143 1824 potest
1178 1781 1402 1809 assensum
1436 1780 1562 1823 prae-

135 1834 262 1879 bere?
294 1862 349 1868 —
386 1837 446 1880 Ut
481 1852 601 1880 mens
650 1853 873 1880 assensum
924 1837 994 1881 det
1037 1837 1160 1881 alicui
1209 1837 1389 1890 veritati,
1423 1851 1562 1894 neque

230 2029 285 2073 (¹)
312 2029 391 2063 Huc
420 2028 554 2064 faciunt
579 2041 633 2072 ea,
656 2040 744 2077 quae
766 2040 790 2063 s.
810 2029 1033 2075 Augustinus
1062 2030 1181 2072 habet,
1209 2029 1252 2063 de
1270 2028 1402 2064 Trinit.
1424 2028 1445 2064 l.
1464 2028 1564 2064 VIII.

135 2098 164 2121 c.
195 2086 244 2121 8.:
277 2101 293 2118 ι(
323 2087 513 2123 Credimus
540 2088 660 2122 Iesum
690 2088 874 2124 Christum
911 2097 1035 2124 natum
1072 2088 1116 2123 de
1143 2089 1304 2135 Virgine,
1334 2100 1425 2135 quae
1451 2088 1563 2123 Maria

135 2147 345 2182 vocabatur.
383 2147 482 2191 Quid
520 2148 563 2183 sit
590 2157 711 2183 autem
756 2147 870 2193 Virgo,
909 2148 993 2195 quid
1030 2149 1073 2183 sit
1100 2148 1209 2192 nasci,
1247 2148 1328 2195 quid
1367 2149 1410 2183 sit
1444 2159 1565 2183 nomen

129 2205 323 2252 proprium,
350 2218 425 2241 non
451 2207 643 2250 credimus,
669 2207 730 2242 sed
759 2208 939 2243 novimus.
967 2223 984 2239 >›

230 2267 286 2311 (2)
314 2267 574 2303 Rationalistae
601 2279 644 2302 co
671 2268 749 2314 ipso
778 2267 874 2314 quod
901 2268 1121 2315 impugnant
1146 2268 1216 2303 hoc
1247 2268 1472 2315 mysterium,
1499 2267 1562 2302 de—

133 2325 279 2368 clarant,
307 2337 344 2361 se
372 2326 574 2373 intelligere
601 2327 775 2362 vocabula
803 2327 903 2372 haec,
930 2333 1077 2363 naturae
1106 2339 1146 2362 ac
1170 2335 1343 2375 personae,
1372 2326 1561 2362 identitatis

133 2395 167 2421 et
194 2385 434 2429 distinctionis,
460 2387 614 2433 ideoque
641 2387 750 2422 etiam
777 2387 1044 2433 apprehendere
1071 2388 1118 2432 id,
1146 2388 1243 2435 quod
1271 2389 1489 2434 proponitur
1515 2387 1559 2421 ati

134 2446 365 2482 credendum.
392 2447 500 2482 Secus
540 2447 636 2481 enim
664 2459 733 2494 qua
771 2447 814 2483 de
840 2459 877 2482 re
903 2448 1099 2494 loquuntur
1135 2447 1192 2482 vel
1228 2459 1337 2495 quam
1369 2447 1560 2482 veritatem

132 2504 360 2553 impugnant,
403 2506 547 2554 quando
590 2517 804 2554 argumenta
847 2516 970 2543 contra
1013 2507 1239 2554 praedictum
1281 2508 1419 2553 dogma
1468 2517 1558 2542 con-

132 2566 291 2612 gerunt?
