1737 2802
756 147 810 154 -.
850 134 931 177 317
969 147 1026 154 ..-

295 219 337 273 γ)
371 216 457 258 Eos
492 216 624 273 igitur
656 215 782 259 habet
815 215 988 273 limites,
1011 231 1121 274 quos
1156 213 1282 258 habet
1315 214 1491 272 propria
1525 228 1612 256 un·-

176 285 456 343 iuscuiusque
489 288 696 343 activitas,
731 303 751 329 a
785 302 867 345 qua
901 287 1062 337 scilicet
1106 287 1334 344 occupatio
1386 284 1612 342 dependet.

176 357 294 400 Haec
326 370 471 401 autem
520 360 710 402 activitas
745 374 847 402 suos
897 359 1088 417 profecto
1129 358 1253 402 habet
1301 356 1461 400 limites
1510 370 1606 398 tum

173 429 368 488 physicos,
401 443 495 473 tum
543 433 673 473 etiam
724 432 908 474 morales.
944 456 1000 464 -
1035 432 1096 474 Ea
1143 446 1259 484 sane,
1293 429 1491 488 quamvis
1538 427 1613 471 ab·-

180 499 320 543 solute
354 514 519 544 tantum
545 518 619 545 seu
656 504 694 544 in
720 504 952 560 semetipsa
988 501 1300 555 consideretur,
1326 514 1389 544 est
1413 502 1454 543 in
1490 499 1615 544 nobis

180 572 364 629 singulis
397 571 528 616 finita:
566 574 670 617 alios
706 575 881 631 insuper
915 575 1073 632 reperit
1114 573 1270 616 limites
1305 575 1347 616 in
1383 573 1510 616 variis
1535 572 1617 615 illis

181 644 546 701 propensionibus
571 661 645 688 seu
682 644 1047 698 inclinationibus,
1072 644 1227 703 quibus
1263 644 1313 688 ad
1337 644 1417 688 alia
1451 643 1618 688 obiecta

182 716 483 773 prosequenda
517 716 795 773 impellimur:
828 717 984 759 limites
1020 717 1147 760 etiam
1197 717 1350 773 accipit
1399 732 1451 759 ex
1489 715 1617 758 variis

181 787 393 830 adiunctis
427 788 575 845 animi,
610 790 820 846 corporiS,
858 789 1084 845 temporis,
1119 787 1201 831 loci
1241 800 1336 844 etc.,
1369 788 1411 830 in
1460 786 1617 844 quibus

181 874 419 903 versamur.
457 859 541 903 Sed
576 859 618 902 hi
651 859 809 903 limites
844 873 944 902 sunt
992 860 1150 918 physici
1184 860 1328 917 potius
1363 874 1489 912 quam
1533 873 1618 900 mo-

181 931 298 976 rales.
336 932 431 974 Hos
466 930 650 974 morales
681 930 838 974 limites
874 932 1011 988 magis
1046 930 1170 974 habet
1193 947 1244 974 ex
1267 931 1480 973 activitate
1514 928 1616 972 alio·

183 1018 295 1055 rum,
330 1001 587 1060 quibuscum
613 1003 814 1046 vivimus.
842 1004 1013 1045 Horum
1040 1003 1155 1045 enim
1186 1003 1446 1045 activitatem
1469 1013 1619 1044 nostra

182 1074 373 1116 activitas
408 1089 495 1116 non
530 1073 724 1130 impedit.
760 1073 864 1116 Inde
898 1086 1042 1116 autem
1077 1072 1140 1130 fit,
1175 1085 1219 1115 ut
1254 1072 1473 1116 interdum
1524 1072 1619 1129 qui·

185 1145 280 1189 dem
317 1145 385 1188 alii
419 1161 499 1188 nos
549 1158 798 1203 sequantur,
831 1161 956 1202 saepe
1000 1161 1103 1187 vero
1154 1145 1307 1187 melius
1356 1159 1401 1186 ac
1449 1142 1616 1186 felicius

184 1231 307 1258 suam
342 1228 587 1258 exserentes
621 1216 882 1258 activitatem
917 1231 996 1257 nos
1033 1228 1300 1272 praevertam
1335 1215 1376 1256 in
1410 1214 1522 1256 licita
1547 1228 1619 1256 oc—

184 1288 412 1344 cupatione
445 1286 622 1329 alicuius
657 1287 729 1330 rei:
763 1285 850 1344 quo
886 1288 926 1328 in
962 1302 1059 1329 casu
1101 1287 1184 1329 iam
1233 1298 1380 1329 nostra
1427 1285 1619 1328 activitas

184 1359 394 1403 moraliter
427 1359 676 1416 impeditur,
711 1359 947 1416 quominus
985 1359 1094 1416 circa
1128 1373 1219 1401 rem
1253 1358 1371 1401 illam.
1413 1374 1458 1401 se
1501 1372 1619 1401 exer-

185 1444 276 1475 ceat
297 1430 409 1474 licite
435 1447 480 1474 ac
503 1431 654 1473 valide.
680 1429 792 1473 Illud
816 1430 992 1487 insuper
1017 1430 1098 1472 iarn
1129 1428 1517 1472 animadvertimus
1541 1427 1619 1484 (1),

185 1502 393 1561 quasdam
428 1518 521 1559 esse
560 1518 626 1545 res
662 1517 769 1560 quae
803 1518 824 1544 a
857 1502 1029 1544 nemine
1065 1514 1248 1560 possunt
1297 1502 1353 1544 ita
1401 1501 1620 1557 occupari,

186 1587 233 1618 ut
266 1575 333 1617 ius
367 1572 611 1633 acquiratur
647 1572 899 1617 excludendi
934 1573 1039 1616 alios
1073 1572 1122 1616 ab
1156 1588 1305 1616 earum
1351 1589 1448 1616 usu.
1481 1572 1620 1625 Adde,

187 1646 253 1688 ius
283 1646 572 1703 proprietatis,
609 1646 719 1687 iacto
754 1643 971 1701 legitimae
1007 1644 1305 1701 occupationis
1341 1643 1620 1701 acquisitum,

187 1732 317 1775 posse
352 1717 392 1758 in
428 1715 675 1759 conflictum
712 1716 857 1758 venire
892 1730 989 1757 cum
1026 1714 1169 1772 aliquo
1203 1714 1286 1758 alio
1321 1715 1429 1771 iure,
1462 1726 1503 1757 et
1526 1714 1622 1772 qui-

187 1789 286 1832 dem
309 1789 365 1831 ita
397 1801 444 1830 ut
469 1788 509 1829 in
544 1787 614 1830 tali
640 1786 865 1830 collisione
898 1802 1024 1829 suum
1060 1798 1154 1829 actu
1179 1801 1266 1829 non
1300 1797 1443 1828 servet
1468 1784 1620 1838 robur,

187 1859 264 1904 sed
312 1858 456 1918 quoad
504 1860 758 1902 exercitium
810 1857 1098 1915 suspendatur
1131 1859 1205 1911 (23.
1251 1857 1400 1914 Itaque
1449 1856 1626 1914 propria

189 1931 527 1988 uniuscuiusque
561 1931 769 1982 activitas‚
804 1945 825 1972 a
857 1944 939 1986 qua
973 1928 1199 1986 occupatio
1233 1926 1464 1985 dependet,
1501 1940 1621 1984 prae-

189 2002 328 2047 dictos
363 2014 403 2045 et
436 2003 538 2045 alios
572 2002 701 2045 etiam
727 2000 850 2044 habet
875 2000 1034 2042 limites
1068 2000 1158 2042 sive
1182 1998 1387 2056 physicos
1416 1998 1505 2041 sive
1529 2012 1625 2041 rno-

189 2074 309 2118 rales.

311 2146 522 2198 Quaeres:
555 2157 702 2187 utrum
739 2142 966 2200 occupatio
1004 2141 1153 2185 habeat
1190 2141 1317 2184 etiarn
1367 2139 1526 2182 limites
1575 2153 1627 2182 ex

191 2229 309 2275 parte
330 2217 541 2274 Principis
567 2215 718 2271 civilis,
737 2215 857 2258 cuius
883 2214 1084 2271 potestati
1108 2212 1329 2256 subdatur.
1352 2210 1462 2255 Aliis
1483 2209 1625 2254 verbis

191 2289 336 2346 quaeri
372 2300 530 2346 potest,
564 2300 710 2331 utrum
745 2301 971 2344 supremae
1005 2286 1226 2343 potestatis
1260 2283 1454 2328 subiecto
1499 2299 1626 2328 com-

287 2518 341 2564 (1)
368 2518 461 2553 Vide
489 2529 609 2564 super.
634 2517 727 2553 thes.
754 2517 888 2553 XXIV.
917 2529 999 2564 pag.
1028 2528 1108 2563 277.
1136 2518 1260 2553 adnot.
1292 2519 1344 2553 2⁶.

288 2580 342 2626 (2)
368 2580 442 2614 Hac
472 2579 578 2614 etiam
607 2578 650 2613 de
678 2590 714 2613 re
741 2577 895 2612 diximus
923 2588 1043 2623 super.
1069 2576 1164 2613 thes.
1191 2577 1255 2612 VI.
