1737 2802
49 234 282 293 quaerenti,
316 233 419 290 quid
453 233 506 275 sit
538 248 589 276 eo
626 233 668 275 in
704 248 800 275 casu
834 231 1066 290 agendum,
1093 234 1152 275 sic
1175 246 1270 290 apte
1293 248 1475 292 respon«

48 303 184 348 detur:
218 304 427 347 rationein
463 303 702 346 habendam
741 318 833 347 esse
881 303 988 360 legis
1037 303 1169 359 illius,
1215 320 1320 360 quae
1367 317 1472 348 tunc

49 375 230 418 minime
248 374 538 432 suspenditur,
557 376 684 418 altera
700 374 809 432 iege,
823 391 928 433 quae
947 375 990 417 in
1008 387 1102 418 actu
1126 375 1315 418 secundo
1329 392 1406 433 pro
1421 377 1470 420 iis

49 445 259 489 adiunctis
305 461 393 488 non
428 445 603 503 obligat,
636 446 686 489 ai
720 459 891 504 teinpus
939 446 1193 504 posthabita.
1232 473 1283 478 —-
1322 448 1477 500 Quae-

49 518 159 561 renti
191 514 333 560 autem
367 533 532 571 rursuS,
568 533 776 576 quaenam
811 519 865 561 sit
898 518 977 576 lex,
1011 534 1118 577 quae
1152 520 1201 561 iis
1236 520 1278 562 in
1312 519 1472 562 adiun-

48 587 124 629 ctis
157 600 379 644 permanet
412 588 452 630 in
487 603 566 631 suo
601 588 769 642 robore,
819 589 874 631 ita
923 589 1046 632 debet
1097 589 1377 647 responderi:
1427 589 1471 633 id

49 673 320 716 nequaquam
355 675 481 717 posse
515 661 635 702 unica
659 660 845 717 generali
868 660 1010 716 regula
1031 660 1209 714 definiri3
1231 660 1279 704 ab
1313 660 1472 704 adiun-

51 731 127 773 ctis
174 731 290 773 enim
338 746 402 773 res
441 730 664 788 dependet,
712 732 935 789 praecipue
979 747 1081 774 vero
1132 731 1257 775 debet
1298 733 1390 776 erui
1422 748 1474 775 ex

50 802 239 859 inspecta
256 803 419 844 ratione
438 818 510 844 seu
531 814 677 845 natura
697 801 856 859 legum,
871 802 920 845 de
939 802 1093 860 quibus
1107 804 1262 860 agitur,
1277 802 1473 846 etindoie

51 873 117 917 vel
129 872 327 931 qualitate
346 874 546 916 materiae
565 890 638 916 seu
653 874 804 917 obiecti
820 874 936 932 quod
950 873 1064 931 leges
1078 875 1313 931 respiciunt
1331 875 1476 931 (1).Ex

50 957 238 1002 utroque
271 944 353 987 hoc
386 945 521 1002 capite
555 946 596 986 in
630 961 680 987 eo
715 944 1076 1002 conflictu,que1n
1111 944 1159 988 ab
1194 946 1316 988 initio
1339 945 1475 1002 finge-

51 1015 216 1070 bamus,
250 1017 360 1060 inter
393 1030 665 1075 praeceptum
700 1017 803 1060 illud
835 1016 939 1075 legis
989 1017 1189 1060 naturalis
1224 1030 1264 1060 et
1298 1033 1475 1075 praece-

52 1099 176 1146 ptum
209 1087 390 1130 alterum
423 1087 528 1145 legis
561 1088 879 1145 ecclesiasticae,
912 1088 994 1131 hoc
1027 1089 1221 1142 alterum,
1240 1090 1381 1146 priore
1405 1088 1477 1131 illo

52 1161 238 1216 vigente,
270 1157 619 1217 suspenderetur.

174 1231 289 1274 Cum
322 1231 388 1273 ius
421 1244 461 1274 et
495 1230 685 1273 officium
731 1247 752 1274 a
792 1231 899 1288 lege,
943 1244 1165 1289 tamquam
1189 1247 1210 1274 a
1244 1247 1322 1274 suo
1357 1231 1478 1275 fonte

54 1318 129 1346 seu
163 1303 388 1360 principio,
424 1302 655 1356 dimanent3
697 1302 795 1346 hinc
839 1319 899 1359 ea,
947 1318 1053 1360 qnae
1089 1303 1392 1360 praemisimus
1427 1302 1479 1346 de

54 1373 202 1431 legum
245 1388 298 1416 ex
342 1374 546 1431 opposito
592 1375 941 1417 concurrentium
987 1389 1142 1432 pugna,
1175 1374 1314 1417 valent
1348 1375 1477 1418 etiam

55 1445 106 1489 ad
140 1445 354 1503 duplicem
389 1446 510 1488 aliam
547 1445 798 1489 solvendam
823 1446 1350 1504 quaestionem,videlicet
1375 1447 1477 1505 quid

55 1519 109 1561 sit
142 1518 357 1576 agendum
391 1543 448 1551 —
482 1518 653 1576 quando
678 1517 764 1561 duo
788 1519 879 1561 iura
902 1520 1011 1561 circa
1044 1534 1173 1562 unam
1194 1520 1479 1577 eamdemque

55 1605 145 1633 rem
179 1589 408 1632 exadverso
443 1589 681 1646 confligunt
715 1614 772 1622 —
805 1589 977 1647 quando
1001 1590 1087 1633 duo
1112 1589 1311 1633 videntur
1333 1591 1481 1633 adesse

56 1672 96 1702 et
131 1674 280 1716 urgere
313 1659 652 1717 incompossibilia
686 1677 758 1703 seu
799 1660 1053 1704 insociabilia
1097 1660 1246 1703 officia.
1297 1662 1364 1704 De
1403 1661 1481 1704 hac

55 1731 182 1774 altera
223 1733 491 1788 quaestione,
542 1747 648 1789 quae
692 1733 821 1775 nimis
867 1745 929 1775 est
975 1748 1028 1775 ex
1073 1732 1196 1776 dictis
1243 1732 1481 1790 manifesta,

56 1803 161 1846 nihii
183 1802 404 1846 addemus:
428 1802 478 1846 de
502 1804 632 1860 priori
658 1817 800 1846 autem
823 1804 1072 1862 quaestione
1097 1820 1169 1847 seu
1200 1804 1249 1847 de
1278 1804 1478 1847 conflictu

58 1875 219 1918 iurium
254 1876 355 1918 haec
388 1890 440 1918 ex
474 1875 624 1918 ordine
659 1875 1053 1919 animadvertimus.

176 1947 208 1990 Ι,
244 1947 377 2004 Saepe
412 1946 587 2004 quidem
622 1945 681 2003 fit,
707 1959 752 1990 ut
769 1946 856 1990 duo
876 1948 965 1990 iura
982 1947 1214 1990 exadverso
1235 1947 1482 2005 confligant,

59 2030 268 2075 quatenus
302 2030 533 2075 utrumque
566 2018 759 2061 videatur
778 2019 885 2061 circa
909 2033 1037 2062 unam
1072 2019 1354 2077 eamdemque
1387 2034 1479 2062 rem

155 2232 212 2277 (1)
238 2232 426 2280 Inquisitio
453 2232 488 2266 in
515 2238 676 2266 naturam,
705 2233 786 2279 Iegis
813 2233 882 2266 huc
910 2232 1014 2267 redit:
1046 2241 1164 2267 utrum
1193 2232 1250 2267 lex
1277 2233 1320 2267 sit
1347 2242 1488 2268 natura-

60 2292 102 2326 lis
128 2302 174 2326 an
201 2291 365 2338 positiva,
393 2291 513 2326 divina
539 2303 584 2326 an
611 2291 782 2335 humana,
809 2291 1054 2327 ecclesiastica
1080 2304 1123 2327 an
1153 2292 1282 2328 civilis:
1303 2302 1423 2328 utrum
1437 2293 1485 2328 sit

60 2350 281 2386 affirmativa
307 2363 349 2386 an
376 2352 556 2398 negativa:
587 2360 706 2386 utrum
734 2352 779 2386 sit
806 2351 864 2386 lex
891 2351 1048 2386 iustitiae
1086 2363 1132 2386 an
1161 2353 1317 2388 caritatis
1344 2361 1414 2388 etc.
1438 2371 1484 2378 —

61 2410 249 2458 Inquisitio
275 2412 311 2445 in
338 2411 535 2458 qualitatem
562 2412 730 2446 materiae
754 2423 816 2447 seu
843 2411 966 2447 obiecti
993 2412 1064 2447 huc
1090 2412 1193 2448 redit:
1223 2422 1342 2448 utrum
1358 2421 1486 2459 agatur

60 2468 105 2504 de
129 2470 274 2505 actione
299 2470 493 2505 intrinsece
518 2471 615 2505 bona
641 2469 699 2505 vel
725 2470 836 2513 mala,
863 2481 908 2505 an
934 2482 1020 2506 vero
1047 2471 1090 2506 de
1117 2472 1263 2507 actione
1289 2471 1486 2506 intrinsece

59 2527 303 2565 indifferente:
331 2538 451 2565 utrum
479 2529 521 2564 de
547 2530 693 2565 actione
719 2539 848 2577 agatur
874 2531 1078 2566 necessaria
1097 2530 1141 2566 ad
1158 2532 1228 2567 Dei
1256 2531 1405 2574 cultum,
1432 2540 1489 2565 rea

58 2586 208 2634 ligionis
233 2588 428 2633 honorem,
457 2589 597 2624 bonum
624 2600 835 2635 commune,
863 2600 909 2625 an
934 2601 1038 2626 secus
1064 2598 1133 2626 etc.
