1737 2802
728 98 1000 152 —360—

139 192 280 234 ximus
316 192 539 248 reperitur.
575 191 687 234 Nam
722 190 1033 235 detrimentum
1067 209 1118 236 ex
1151 205 1270 250 parte
1303 205 1451 237 nostra
1494 209 1582 252 po·-

142 275 224 305 test
260 278 351 305 esse
387 262 602 320 temporale
635 263 700 305 vel
731 263 944 321 spirituale
976 263 1058 322 (1),
1094 279 1292 323 magnum
1324 263 1393 308 vel
1440 267 1583 309 maxi-

140 351 265 377 mnm.
304 335 416 376 Item
452 335 681 377 necessitas
716 351 767 377 ex
801 348 918 392 parte
951 336 1144 393 proximi
1180 348 1321 394 potest
1356 351 1450 379 esse
1479 344 1584 379 tem-

135 409 293 466 poralis
328 406 394 449 vel
428 408 673 465 spiritualis,
707 408 931 451 communis
973 407 1040 451 vel
1084 409 1229 466 gravis
1275 407 1341 451 vel
1392 416 1585 452 extrema.

142 481 340 522 Limvero
392 493 444 522 ex
494 478 655 522 horum
704 479 980 537 aliorumque
1029 492 1189 535 attenta
1238 479 1584 523 consideratione

143 567 280 608 casu5,
318 551 368 594 de
403 566 491 609 quo
527 552 686 608 agitur,
721 564 784 594 est
818 551 1069 596 solvendus:
1103 564 1250 595 utrum
1284 551 1492 609 obligatio
1536 568 1585 595 ex

143 625 314 666 cziritate
349 624 391 665 in
427 639 478 666 eo
515 639 615 666 casu
650 636 802 681 urgeat
836 639 984 667 necne.

264 695 340 750 3⁰.)
378 695 534 747 Quum
569 695 714 752 plures
749 696 792 738 in
827 696 993 753 aequali
1040 708 1266 739 versantur
1313 695 1582 746 necessitate,

141 781 220 815 nec
254 781 490 823 possumus
525 766 728 810 omnibus
763 766 1008 823 subvenire,
1042 768 1138 811 ordo
1171 767 1327 810 debitus
1349 765 1584 810 servandus

142 850 217 881 est.
251 837 436 895 Scilicet,
471 838 677 881 debemus
730 840 1094 896 consanguineos,
1129 839 1418 897 propinquos,
1450 837 1580 880 fami-

140 909 264 952 liares
301 911 450 952 ceteris
485 909 715 968 praeferre:
753 911 857 954 item
893 909 1101 953 debemus
1134 911 1201 967 iis,
1234 926 1257 953 a
1289 908 1445 968 quibus
1480 907 1586 951 nihil

141 982 404 1039 accepimuS,
448 981 662 1039 praeferre
711 984 875 1026 amicos
925 996 966 1026 et
1017 981 1330 1035 benefactores,
1366 981 1584 1039 similique

142 1054 307 1096 ratione
342 1056 554 1098 extraneis
589 1057 720 1110 cives,
756 1055 947 1112 indignis
983 1055 1152 1113 dignos.

267 1127 395 1180 Quae
430 1128 577 1170 onmia
611 1127 833 1185 praeclaris
869 1127 984 1171 hisce
1017 1144 1048 1171 s.
1083 1127 1321 1185 Augustini
1353 1125 1493 1170 verbis
1515 1125 1582 1185 (2)

143 1198 469 1243 confirmamus:
512 1199 627 1242 «Ille
663 1213 806 1243 autem
841 1201 952 1244 iuste
987 1214 1027 1243 et
1061 1213 1206 1243 sancte
1245 1200 1364 1257 vivit,
1395 1200 1469 1258 qui
1512 1215 1583 1243 re-

142 1286 239 1313 rum
274 1271 443 1327 integer
477 1272 727 1314 aestimator
761 1284 836 1314 est:
873 1273 963 1329 ipse
997 1284 1061 1315 est
1093 1283 1240 1315 autem
1279 1272 1352 1329 qui
1400 1270 1581 1314 ordina-

141 1357 230 1386 tam
265 1342 542 1386 dilectionem
578 1342 717 1398 habet,
755 1359 807 1386 ne
845 1370 895 1374 —
931 1356 1002 1385 aut
1037 1343 1187 1400 diligat
1221 1343 1339 1400 quod
1381 1357 1470 1386 non
1518 1354 1582 1385 est

141 1415 410 1472 diligendum
444 1443 501 1447 —
536 1429 607 1459 aut
642 1431 730 1458 non
765 1415 915 1473 diligat
948 1415 1066 1474 quod
1111 1428 1174 1458 est
1219 1415 1490 1473 diligendum
1523 1441 1582 1447 —-

143 1500 216 1529 aut
249 1487 433 1544 amplius
470 1487 617 1544 diligat
651 1487 770 1545 quod
808 1489 954 1530 minus
1005 1501 1069 1531 est
1118 1487 1388 1545 diligendum
1423 1514 1476 1519 -—
1511 1501 1583 1531 aut

143 1573 276 1615 aeque
312 1557 459 1615 diligat
494 1559 612 1616 quod
646 1558 710 1602 vel
736 1560 879 1602 minus
913 1560 980 1602 vel
1004 1559 1191 1617 amplius
1226 1558 1495 1616 diligendum
1518 1572 1583 1602 est

140 1656 197 1662 ——
231 1643 303 1672 aut
332 1632 477 1673 minus
511 1630 578 1674 vel
602 1631 786 1689 amplius
821 1631 940 1689 quod
963 1647 1097 1689 aeque
1122 1631 1393 1689 diligendum
1416 1644 1481 1675 est
1505 1634 1544 1687 (3
1570 1667 1579 1675 .

141 1701 305 1746 Omnis
340 1715 541 1760 peccator
587 1703 846 1761 inquantum
897 1717 1096 1761 peccator
1131 1715 1209 1760 est,
1241 1719 1331 1747 non
1364 1715 1429 1747 est
1477 1702 1579 1746 dili-

143 1772 328 1830 gendt153
364 1786 403 1816 et
438 1775 581 1817 omnis
607 1774 743 1817 homo
778 1775 1037 1832 inquantum
1063 1773 1199 1817 homo
1233 1787 1311 1831 est,
1334 1773 1578 1832 diligendus

140 1856 205 1887 est
239 1858 417 1903 propter
450 1846 611 1900 Deum;
651 1847 769 1889 Deus
819 1861 923 1889 vero
974 1858 1152 1905 propter
1201 1846 1407 1904 seipsum.
1458 1847 1511 1890 Et
1543 1847 1578 1889 si

233 2089 286 2133 (1)
314 2088 350 2122 S.
377 2087 558 2130 Thomas,
588 2096 623 2121 2.
654 2096 686 2121 2.
716 2098 748 2133 q.
777 2086 830 2122 26.
859 2099 890 2122 a.
917 2097 951 2130 4.
979 2087 1023 2121 ad
1053 2094 1120 2130 2¹³„
1146 2088 1236 2122 haec
1262 2088 1382 2124 habet:
1415 2101 1433 2119 «
1452 2089 1577 2124 Detri-

138 2156 306 2181 mentum
334 2145 528 2191 cmporale
556 2146 663 2185 debet
689 2145 804 2180 homo
831 2146 1010 2182 sustinete
1038 2157 1186 2193 propter
1203 2148 1376 2189 amicum,
1394 2148 1482 2182 etin
1508 2147 1579 2182 hoc

140 2208 218 2251 ipso
247 2208 406 2253 seipsum
434 2208 550 2252 magis
578 2207 693 2252 diligit
721 2207 923 2241 secundum
950 2207 1177 2253 spiritualem
1204 2217 1381 2250 mentem3
1400 2208 1482 2255 quia
1507 2199 1580 2242 hoc

137 2267 294 2312 pertinet
321 2266 364 2300 ad
393 2266 659 2312 perfectionem
688 2267 842 2310 virtutis,
869 2278 961 2314 quae
988 2276 1041 2302 est
1069 2268 1208 2302 bonum
1249 2269 1394 2304 mentis.
1433 2267 1504 2304 Sed
1541 2268 1578 2302 in

141 2325 385 2372 spiritualibus
411 2338 487 2361 non
515 2327 622 2360 debet
649 2326 765 2361 homo
793 2326 867 2372 pati
895 2325 1155 2362 detrimentum
1178 2326 1360 2373 peccando,
1387 2336 1425 2362 ut
1451 2329 1578 2374 proxi-

140 2396 241 2420 mum
269 2385 387 2420 liberet
415 2398 436 2419 a
458 2391 607 2432 peccato.
624 2399 645 2419 »

235 2446 293 2490 (2)
321 2446 376 2479 De
405 2446 519 2481 doctr.
547 2445 671 2482 christ.
700 2446 722 2482 l.
750 2447 776 2481 I.
805 2458 834 2481 c.
862 2456 921 2492 27.
951 2446 1045 2481 Vide
1073 2448 1183 2482 etiam
1211 2447 1255 2482 de
1282 2447 1420 2494 discipl.
1453 2447 1577 2482 christ.

83 2518 88 2524 ·
134 2518 219 2552 cap.
249 2516 278 2548 ς.
305 2526 352 2533 -
380 2506 452 2542 Cfr.
482 2518 509 2541 s.
536 2506 736 2550 Thomam‚
766 2518 798 2542 2.
829 2517 859 2542 2.
887 2519 919 2554 q.
950 2507 1005 2543 26.

232 2567 285 2611 (3)
313 2566 406 2600 Vide
433 2578 549 2612 super.
578 2567 650 2602 vol.
685 2578 711 2602 1.
740 2578 824 2613 pag.
852 2576 933 2612 432.
