1737 2802
83 222 205 266 xime
237 222 347 266 inter
379 237 424 266 se
458 221 732 266 dissentirent
762 222 852 282 (1),
889 224 989 281 quia
1024 223 1251 283 illa‚·quae
1279 225 1372 272 aliis>
1401 242 1524 285 prae-

90 294 278 351 ciperent
310 309 402 337 esse
435 293 642 347 facienda,
677 309 764 338 non
797 296 880 353 ipsi
916 294 1101 339 facerent
1138 296 1224 355 (2).

82 552 189 587 ribus.
214 548 328 588 Multa
355 563 441 586 sane
482 553 626 599 egregie
655 552 833 589 dixerunt:
874 553 983 588 simul
1024 564 1150 590 autem
1191 566 1277 603 quot
1315 567 1519 606 quantaque

78 611 201 658 turpia
228 620 334 658 atque
361 611 552 646 inhonesta
581 611 806 647 tradiderunt
825 621 1012 659 tamquam
1037 614 1134 648 bona
1161 623 1196 649 et
1224 613 1403 652 facienda,
1420 617 1533 664 Lege·

79 671 260 718 Diogenis
287 671 420 706 Laertii
459 671 571 706 libros
601 671 644 707 de
680 672 780 713 vitis,
812 673 1042 719 dogmatibus
1070 683 1104 709 et
1146 675 1517 722 apophthegmatibus

77 730 265 766 clarorum
293 730 610 777 philosophorum.
639 731 712 767 Alii
743 731 939 767 docuerunt
970 745 988 763 υ.
1010 732 1105 768 furto
1133 743 1167 769 et
1194 734 1373 770 adulterio
1402 746 1436 772 et
1455 748 1514 771 sa-

76 790 247 836 crilegio,
276 802 359 825 cum
396 792 657 837 tempestivum
687 791 766 835 erit,
794 791 960 827 daturum
996 803 1151 838 operam
1187 795 1401 840 sapientem:
1428 796 1516 839 nihil

78 851 212 901 quippe
238 850 369 884 horum
397 859 521 884 natura
549 859 651 896 turpe
679 860 768 886 est»
799 851 876 897 (lib.
904 851 947 885 II.
976 862 1053 897 cap.
1081 851 1114 886 8.
1136 841 1235 888 num.
1269 853 1344 899 17.).
1372 855 1445 897 Alii
1464 856 1514 890 sic

76 910 402 945 ratiocinabantur:
432 923 449 941 «
471 909 608 944 Omnia
630 910 781 945 deorum
803 919 896 954 sunt,
915 910 1022 945 amici
1049 920 1170 946 autem
1191 922 1273 948 sunt
1294 914 1515 959 sapientibus

85 969 145 1014 dii,
169 979 251 1005 sunt
280 978 402 1005 autem
423 971 627 1004 amicorum
647 971 773 1005 omnia
795 972 1017 1013 communia,
1039 972 1164 1006 omnia
1185 973 1294 1019 igitur
1311 975 1515 1020 sapientum

75 1027 180 1065 sunt.
199 1043 221 1063 s>
249 1030 292 1065 Et
319 1029 514 1072 addebant,
542 1042 563 1063 «
582 1042 655 1065 non
685 1042 762 1065 esse
789 1031 952 1077 iniquum
980 1043 1022 1067 ex
1048 1033 1189 1078 templo
1228 1033 1408 1080 quidpiam
1450 1047 1513 1071 ac-

81 1090 211 1136 cipere,
238 1099 297 1124 aut
327 1089 477 1137 quodvis
506 1099 651 1136 gustare
678 1090 827 1132 animal,
855 1103 900 1126 ne
927 1091 1101 1126 iniustum
1143 1092 1287 1139 quidem
1328 1105 1405 1129 esse
1440 1094 1512 1129 hu-

80 1151 200 1187 manis
226 1151 323 1185 vesci
350 1151 530 1192 carnibus,
558 1150 664 1198 idque
704 1163 746 1186 ex
787 1151 938 1185 aliarum
969 1153 1134 1198 gentium
1174 1155 1440 1190 consuetudine
1466 1155 1512 1190 li-

72 1222 227 1258 quere»
268 1210 348 1256 (lib.
389 1210 453 1245 VI.
479 1222 559 1257 cap.
591 1221 624 1246 2.
654 1222 754 1245 num.
784 1210 814 1260 6
845 1211 899 1247 Cf.
928 1212 990 1246 lib.
1017 1212 1099 1247 VII.
1139 1224 1214 1259 cap.
1243 1224 1273 1259 7.
1313 1226 1411 1248 num.
1442 1225 1509 1259 12.,

74 1272 141 1306 lib.
168 1272 229 1306 lx.
258 1283 338 1317 cap.
373 1281 421 1306 11.
451 1283 550 1306 num.
583 1271 645 1316 3.).
671 1272 769 1306 Haec
789 1261 916 1306 *autem
945 1272 1093 1318 legenti,
1116 1272 1204 1307 illud
1230 1275 1383 1309 occurrit
1404 1275 1512 1310 Cice-

78 1331 194 1373 ronis,
222 1331 264 1366 de
311 1331 462 1366 divinat.
488 1331 550 1367 lib.
576 1331 621 1366 11.
653 1343 728 1378 cap.
760 1331 830 1374 58.:
875 1332 1043 1366 «Nescio
1082 1333 1271 1378 quomodo
1306 1333 1396 1368 nihil
1435 1343 1510 1369 tam

74 1391 232 1427 absurde
259 1391 328 1426 dici
355 1399 487 1438 potest,
515 1392 608 1438 quod
638 1403 714 1426 non
741 1391 881 1427 dicatur
907 1392 949 1426 ab
977 1391 1099 1438 aliquo
1126 1391 1446 1439 philosophorum.
1467 1406 1489 1430 »

173 1452 230 1497 (1)
259 1453 314 1486 De
342 1451 577 1486 ethnicorum
607 1451 914 1497 philosophorum
943 1453 1036 1490 inter
1061 1463 1099 1487 se
1137 1452 1299 1491 dissensu
1327 1465 1353 1488 s.
1382 1455 1512 1501 Augu-

77 1512 205 1554 stinus,
231 1512 274 1546 de
303 1512 397 1547 civit.
423 1512 490 1547 Dei
518 1511 577 1546 lib.
603 1512 699 1561 VVIII.
729 1523 807 1557 cap.
838 1523 891 1555 41.
921 1523 1020 1547 num.
1049 1522 1094 1554 2„
1117 1513 1167 1546 sic
1196 1512 1370 1559 loquitur:
1398 1514 1511 1549 «Alii

71 1572 281 1606 asserebant
309 1582 436 1612 unum,
465 1570 525 1606 alii
552 1571 835 1606 innumerabiles
863 1570 1032 1605 mundos:
1077 1571 1193 1617 ipsum
1236 1580 1358 1606 autem
1398 1584 1510 1608 unum

72 1630 135 1665 alii
163 1639 283 1665 ortum
311 1642 399 1674 esse,
426 1631 485 1665 alii
513 1643 599 1666 vero
636 1631 778 1665 initium
807 1641 878 1665 non
903 1630 1049 1665 habere:
1080 1631 1139 1665 alii
1179 1628 1420 1672 interiturum,
1450 1633 1510 1671 alii

70 1680 217 1736 semper
244 1689 413 1724 futurum:
443 1690 501 1725 alii
529 1700 651 1725 mente
678 1691 812 1732 divina,
839 1690 896 1724 alii
933 1690 1079 1725 fortuitu
1108 1698 1142 1725 et
1179 1681 1321 1725 casibus
1348 1692 1420 1737 agi:
1447 1693 1509 1728 alii

75 1749 304 1794 {mmortales
331 1761 408 1784 esse
436 1751 588 1792 animas,
618 1750 678 1784 alii
706 1750 895 1785 mortalesz
926 1759 959 1785 et
987 1750 1045 1796 qui
1090 1749 1329 1793 immortales,
1356 1751 1414 1785 alii
1452 1755 1509 1787 re-

67 1810 171 1845 volvi
197 1810 232 1844 in
261 1811 405 1847 bestias.
433 1811 492 1845 alii
521 1822 765 1857 nequaquam:
797 1811 855 1857 qui
883 1822 969 1848 vero
998 1809 1187 1850 mortales,
1213 1810 1276 1857 'alii
1305 1822 1392 1845 mox
1418 1811 1509 1847 inte-

68 1870 141 1906 rire
168 1879 248 1916 post
275 1882 417 1915 corpus,
447 1870 507 1915 alii
535 1872 656 1906 vivere
675 1871 783 1906 etiam
813 1880 954 1919 postea²
977 1870 1040 1921 vel⁷
1053 1870 1257 1920 paululum,
1279 1870 1335 1921 vel
1355 1871 1503 1919 diutius,

72 1938 141 1973 non
169 1938 289 1963 tamen
318 1940 471 1974 semper:
500 1929 560 1963 alii
589 1930 624 1964 in
653 1941 805 1976 corpore
830 1930 1101 1964 constituebant
1121 1928 1230 1973 finem
1260 1929 1359 1972 boni,
1387 1929 1503 1973 alii‘in

70 1989 206 2031 animo,
233 1989 291 2024 alii
315 1990 347 2024 in
375 1999 539 2036 utroque,
557 1989 617 2024 alii
638 1983 860 2024 extrinsecus
880 1980 997 2035 posita
1015 1990 1124 2024 etiam
1155 1987 1252 2023 bona
1272 1989 1317 2022 ad
1338 1989 1503 2024 animum

72 2057 106 2083 et
133 2060 264 2095 corpus
302 2049 493 2084 addebant:
523 2049 582 2083 alii
610 2050 773 2084 sensibus
793 2050 956 2094 corporis
981 2060 1137 2095 semper,
1159 2048 1219 2082 alii
1251 2060 1324 2082 non
1347 2059 1504 2094 semper,

73 2107 131 2142 alii
159 2120 358 2155 numquam
390 2110 564 2155 putabant
593 2120 669 2144 esse
691 2108 921 2143 credendum.
937 2123 954 2139 »
984 2108 1040 2144 Ad
1061 2120 1138 2142 rem
1159 2109 1266 2142 etiam
1288 2107 1373 2142 facit
1400 2108 1504 2143 locus

70 2167 128 2203 hic
155 2168 275 2207 Tullii,
304 2168 347 2204 de
374 2178 447 2203 nat.
476 2169 585 2204 Deor.
614 2168 638 2204 l.
673 2180 701 2204 1.
731 2180 759 2203 e.
793 2179 886 2207 Ly«
906 2168 1074 2214 Plerique
1102 2168 1191 2203 deos
1219 2178 1296 2202 esse
1324 2168 1503 2208 dixerunt,

73 2227 236 2263 dubitare
260 2239 298 2262 se
335 2229 571 2274 Pythagoras:
609 2228 731 2263 nullos
770 2239 847 2262 esse
885 2229 1040 2262 omnino
1081 2227 1259 2273 Diagoras
1302 2226 1434 2261 Melius
1470 2235 1506 2262 et

67 2288 289 2324 Theodorus
327 2289 548 2336 Cyrenaicus
575 2297 800 2335 putaverunt.
843 2288 917 2331 Qui
957 2299 1043 2322 vero
1072 2287 1161 2322 deos
1200 2298 1279 2322 esse
1319 2286 1499 2329 dixerunt,

66 2357 170 2383 tanta
196 2356 276 2382 sunt
303 2349 339 2382 in
367 2349 538 2384 varietate
565 2359 599 2384 et
626 2347 865 2389 dissensione,
896 2357 932 2383 ut
961 2359 1104 2383 eorum.
1131 2347 1328 2382 molestum
1358 2347 1405 2383 sit
1443 2345 1501 2379 di-

67 2418 261 2442 numerare
288 2407 498 2442 sententias.--
514 2419 536 2442 ’ὴ
963 2440 966 2443 .
1176 2441 1179 2445 ,

106 2501 109 2504 ,
164 2467 221 2512 (2)
250 2466 302 2502 Ita
331 2467 374 2502 de
401 2466 627 2513 philosophis
653 2467 706 2501 sui
732 2468 909 2514 temporis
935 2468 1222 2514 conquerebatur
1250 2465 1405 2508 Tullius,
1425 2466 1502 2500 Tu-

67 2527 161 2563 scul.
187 2527 274 2574 disp.
303 2528 324 2562 1.
351 2527 394 2561 11.
417 2538 448 2561 c.
469 2536 519 2569 4.;
547 2537 568 2560 ‹<
586 2528 733 2571 Quotus
760 2528 856 2562 enim
885 2528 1033 2574 quisque
1064 2526 1372 2573 philosophorum
1399 2525 1504 2560 inve-

67 2588 178 2632 nitur,
204 2587 262 2634 qui
291 2588 335 2622 sit
365 2588 413 2621 ita
455 2596 629 2627 moratus,
657 2586 705 2621 ita
741 2587 865 2621 animo
894 2597 933 2621 ac
972 2586 1042 2621 vita
1071 2586 1303 2628 constitutus,
1333 2594 1369 2620 ut
1407 2585 1504 2621 ratio
