1737 2802
33 18 54 76 572¹?
46 0 52 4 .

47 0 88 89 ”fsqsstfi

81 260 182 292 sunt
213 246 263 290 ad
296 246 566 304 superiorem
600 243 832 302 confugere
866 256 991 302 atque
1024 243 1073 287 ab
1109 258 1159 286 eo
1195 243 1402 287 iudicium
1422 260 1511 302 pe·-r

82 332 181 364 tere.
214 319 272 361 At
305 317 534 375 principeS‚
567 316 602 358 si
635 315 683 358 ab
717 315 807 358 aliis
841 314 1105 373 principibus
1139 313 1296 372 aliquid
1333 317 1509 372 patian-r

83 403 166 443 tur,
199 403 288 432 non
321 387 476 430 habent
511 401 745 429 commune
779 385 951 443 aliquod
984 385 1184 441 tribunal,
1218 385 1267 428 ad
1303 386 1419 443 quod
1453 386 1508 430 il-

82 461 147 505 los
180 472 391 515 accusent,
425 470 465 502 et
497 457 595 500 ideo
629 457 723 500 licet
757 458 816 500 eis
851 457 959 500 bello
993 458 1166 500 iniurias
1200 455 1387 514 publicas
1411 473 1516 515 pro-r

85 532 252 592 pulsare
274 547 316 574 ».

159 628 161 631 ·
203 599 245 659 δ)
277 601 426 645 Civilis
460 613 600 643 autem
634 600 844 657 princepS‚
880 601 1002 642 cuius
1036 599 1087 642 ad
1121 597 1304 642 tribunal
1330 597 1509 641 recurrit

85 674 291 733 privatus,
327 671 451 715 debet
482 687 598 726 eum,
640 672 712 728 qui
765 671 965 713 iniuriam
1016 670 1175 727 intulit,
1209 683 1301 713 tum
1337 685 1513 726 cogere,

86 757 131 788 ut
164 744 326 787 dictum
361 756 440 795 est,
477 742 526 785 ad
561 742 747 785 debitam
780 743 1085 795 restitutionem,
1119 754 1210 784 tum
1246 742 1375 784 etiam
1408 740 1508 798 ple-

86 826 197 858 ctere
230 806 555 871 proportionata
588 821 734 870 poena.
771 812 862 865 Qui
895 813 1009 855 enim
1046 813 1259 855 actionem
1296 812 1416 869 ponit
1448 811 1516 853 in·-

85 887 300 942 iuriosam5
330 885 365 926 is
399 882 485 927 duo
520 883 629 940 facit,
664 896 703 926 et
736 884 921 940 insurgit
954 895 1100 926 contra
1132 883 1330 926 ordinem
1359 899 1380 925 a
1413 882 1509 924 Deo

87 969 313 1011 statutum,
348 968 389 998 et
422 954 636 1012 perturbat
673 955 739 996 ius
774 970 847 997 seu
887 955 1048 997 iustum
1082 954 1281 997 alienum.
1339 953 1513 1006 Quate-

89 1042 214 1072 tenus
246 1027 427 1085 superbe
461 1043 504 1069 se
536 1026 691 1069 attollit
721 1041 867 1068 contra
899 1025 1041 1082 legem
1074 1041 1096 1068 a
1129 1026 1227 1068 Deo
1263 1024 1404 1080 latam,
1438 1022 1510 1066 de-

88 1100 158 1144 bet
190 1099 376 1158 deprimi,
409 1110 449 1141 et
483 1098 702 1155 depressio
738 1096 783 1140 fit
819 1114 892 1155 per
923 1096 1186 1156 poenam(1):
1213 1109 1425 1154 quatenus
1448 1096 1516 1137 in-

89 1173 199 1215 iuste
229 1170 443 1230 perturbat
478 1170 543 1212 ius
578 1169 779 1225 alienum,
813 1168 935 1212 debet
969 1170 1064 1225 cogi
1097 1169 1148 1210 ad
1181 1167 1284 1210 illud
1321 1169 1362 1210 in
1419 1166 1513 1224 pri«

91 1244 254 1287 stinum
287 1257 414 1285 suum
449 1252 605 1283 statum
641 1240 944 1283 restituendum.
979 1241 1095 1282 Haec
1130 1236 1215 1282 duo
1251 1237 1512 1296 complecti-

92 1327 161 1357 tur
193 1312 387 1365 vindicta,
423 1311 508 1355 scil.
544 1311 841 1369 complectitur
876 1313 1141 1354 coactionem
1175 1324 1266 1353 tum
1313 1309 1363 1352 ad
1396 1324 1520 1366 repa·-

92 1383 275 1428 randum
309 1382 516 1426 damnum
550 1394 641 1424 tum
677 1381 728 1425 ad
762 1381 1027 1425 subeundam
1064 1397 1262 1439 poenam.
1477 1368 1480 1370 .

194 1455 245 1511 ve)
279 1453 394 1497 Cum
429 1468 532 1509 ergo
566 1453 798 1510 quaeritur,
834 1462 975 1496 utrum
997 1453 1180 1496 vindicta
1201 1452 1245 1494 dc
1263 1451 1426 1508 acceptis
1446 1451 1521 1492 in-·

94 1526 215 1569 iuriis
262 1526 315 1567 sit
362 1524 472 1566 licita
519 1538 654 1578 mene,
697 1522 783 1565 duo
834 1525 1056 1580 praecipue
1100 1536 1197 1566 sunt
1251 1521 1303 1566 ob
1358 1521 1508 1564 oculos

95 1596 297 1640 habenda.
331 1621 388 1628 —
424 1596 576 1646 Primo,
605 1595 790 1638 vindicta
822 1595 887 1639 vel
915 1595 1081 1654 publica
1124 1608 1186 1639 est
1218 1594 1283 1638 vel
1323 1595 1512 1652 privata,

97 1680 225 1727 prout
258 1684 279 1710 a
312 1665 479 1725 publica
515 1667 764 1709 auctoritate
797 1680 1033 1724 exercetur,
1065 1667 1131 1710 vel
1163 1666 1321 1710 directe
1346 1680 1516 1710 exerce·

96 1753 166 1783 tur
198 1755 220 1782 a
252 1739 431 1796 privato,
464 1739 537 1795 qui
570 1737 730 1780 scilicet
762 1753 836 1795 per
869 1738 1060 1796 seipsum
1094 1737 1223 1781 infert
1246 1737 1400 1780 laesori
1422 1751 1523 1778 ma-

96 1810 187 1853 lum
220 1809 447 1867 physicum
481 1808 531 1851 ad
564 1824 663 1851 eum
699 1808 960 1866 cogendum,
995 1822 1041 1852 ut
1091 1824 1325 1866 congruam
1372 1805 1521 1850 reddat

98 1882 275 1925 iniuriae
308 1879 443 1922 illatae
476 1881 787 1937 reparationem
822 1880 886 1923 vel
919 1879 969 1924 ad
1003 1895 1103 1924 eum
1128 1879 1410 1938 puniendum.
1450 1877 1525 1920 Se-

97 1952 240 2005 cundo,
273 1951 524 1994 vindicantis
543 1951 709 1993 animus
735 1951 799 1994 vel
819 1950 952 1994 fertur
975 1951 1264 2009 principaliter
1282 1952 1324 1993 in
1359 1949 1522 1993 malum

100 2022 333 2082 physicum
367 2021 543 2065 laesoris
576 2034 617 2065 et
649 2022 703 2065 ibi
743 2024 922 2081 quiescit
955 2039 1000 2066 ac
1033 2023 1084 2066 de
1116 2039 1167 2066 eo
1187 2023 1432 2078 delectatur,
1453 2018 1522 2063 vel

101 2093 236 2138 fertur
272 2092 562 2151 principaliter
597 2093 647 2137 ad
695 2094 866 2152 aliquod
918 2094 1097 2152 bonurn,
1142 2094 1259 2153 quod
1303 2093 1519 2137 obtinetur

103 2181 177 2223 per
209 2163 370 2208 malurn
403 2163 630 2222 physicum
665 2165 857 2222 laesoris,
893 2180 993 2224 puta
1026 2167 1243 2224 propriam
1263 2164 1528 2212 indemnitau

101 2248 208 2290 tem,
226 2234 401 2279 laesoris
435 2235 782 2279 emendationem
815 2236 881 2280 vel
913 2237 1065 2280 saltem
1098 2236 1530 2293 cohibitionem‚pu-·

100 2306 253 2350 blicam
285 2307 573 2364 securitatem,
606 2308 790 2352 iustitiae
825 2310 1214 2364 conservationem,
1248 2309 1329 2352 Dei
1383 2306 1523 2350 hono-

199 2535 254 2583 (ι)
278 2537 336 2574 Cf.
366 2549 393 2573 s.
419 2538 618 2580 Thomam,
652 2548 678 2573 1.
706 2549 738 2574 2.
765 2551 799 2587 q.
828 2538 885 2585 87.
914 2551 944 2575 a.
976 2550 1003 2575 1.
1023 2541 1143 2584 Quem
1163 2540 1389 2588 praeclarum
1405 2539 1529 2574 locum

108 2596 295 2632 attulimus
321 2609 441 2644 super.
470 2598 545 2634 vol.
573 2599 598 2634 I.
626 2598 719 2634 thes.
746 2598 878 2635 XLVI.
907 2611 989 2648 pag.
1017 2599 1098 2646 367.
