1737 2802
269 179 458 236 Apparet
489 178 619 222 etiam
651 176 730 221 alia
760 177 919 221 utilitas
952 193 1004 220 ex
1035 175 1160 221 dictis
1193 176 1451 235 Philosophi
1482 176 1568 237 (1).

151 250 307 304 Quum
340 251 456 293 enim
488 248 733 294 Simonides
765 249 838 308 (2)
870 247 1040 293 cuidam
1085 248 1255 292 homini
1297 251 1569 306 praetermit-

149 321 319 366 tendam
340 321 526 365 divinam
544 322 839 378 cognitionem
858 321 1146 379 persuaderet,
1164 333 1205 364 et
1222 320 1423 364 humanis
1441 320 1567 365 rebus

152 393 374 450 ingenium
406 391 706 450 applicandum
729 391 944 450 oportere,
968 392 1182 449 inquiens,
1211 391 1397 434 humana
1418 407 1565 450 sapere

149 463 375 507 hominem
408 475 450 506 et
483 463 677 507 mortalia
704 462 945 519 mortalem,
968 476 1114 506 contra
1147 479 1246 507 eum
1275 463 1566 522 Philosophus

149 533 266 591 dicit,
289 534 406 592 quod
430 534 565 578 homo
589 534 711 578 debet
743 549 788 577 se
810 533 861 577 ad
886 535 1149 577 immortalia
1174 548 1214 578 et
1242 534 1381 579 divina
1403 536 1571 580 trahere

149 619 356 666 quantum
392 620 544 665 potest.
579 606 705 650 Unde
738 607 778 649 in
811 605 919 650 libro
944 607 1084 664 primo
1119 607 1170 650 de
1203 607 1452 651 animalium
1477 624 1571 666 par-

149 678 260 722 tibus
288 678 365 737 (3)
398 679 497 722 dicit
530 678 664 736 quod,
699 678 895 736 quamvis
929 693 1082 736 parum
1116 680 1185 735 sit,
1217 678 1334 736 quod
1369 679 1420 723 de
1463 678 1570 722 sub-

148 753 312 795 stantiis
347 750 642 809 superioribus
677 751 954 809 percipimus,
990 762 1134 792 tamen
1168 750 1210 794 id
1249 750 1473 794 modicum
1506 766 1569 795 est

147 825 283 881 magis
327 836 517 866 amatum
566 836 605 866 et
637 822 926 866 desideratum
975 822 1095 864 omni
1141 823 1404 879 cognitione,
1437 839 1566 881 quam
1604 836 1608 843 ’

148 893 199 938 de
231 893 478 937 substantiis
513 892 787 936 inferioribus
821 892 1042 936 habemus.
1077 893 1194 952 Dicit
1226 894 1354 936 eti-„im
1402 895 1444 936 in
1492 911 1564 937 se-

148 965 289 1009 cundo
319 964 442 1010 Coeli
475 978 515 1008 et
537 965 690 1009 Mundi
714 964 799 1023 (4),
823 964 956 1022 quod,
982 979 1084 1006 cum
1113 964 1164 1007 de
1188 965 1443 1023 corporibus
1469 982 1572 1010 coe-

241 1132 296 1178 (1)
323 1132 436 1168 Ethic‚
464 1133 509 1167 X.
537 1143 567 1177 7,
610 1131 659 1164 (ἱύ
684 1134 752 1178 χρὴ
781 1131 821 1165 δὲ
849 1133 936 1165 27:9-
961 1134 1040 1171 τ’,ὺς
1077 1134 1332 1177 παραινοῦντας
1374 1130 1575 1177 ἀνθρώπων.

149 1196 286 1239 φρονεῖν
316 1192 496 1238 ἄνθρωπον
527 1190 608 1226 ἕντκ
635 1191 718 1226 οὐδὲ
745 1192 852 1227 (lumb.
878 1189 936 1226 τὸν
964 1192 1098 1232 θνητόν,
1130 1189 1207 1224 ἀλλ’
1230 1192 1281 1236 ἐφ’
1310 1189 1397 1224 ὅσον
1430 1191 1575 1237 ἐνδέχε-

145 1264 199 1286 rut
226 1252 446 1292 ism-,zezata
474 1252 534 1284 καὶ
554 1251 666 1284 πάντα.
691 1254 803 1284 roizi-1
832 1251 916 1295 πρὸς
944 1252 980 1283 τὸ
1011 1253 1070 1292 ζῆν
1098 1252 1185 1284 κκτ).
1210 1251 1247 1284 τό
1279 1252 1466 1296 κράτιστον
1504 1254 1572 1283 τῶν

148 1311 183 1344 ἐν
213 1311 315 1356 αὐτῷ’
344 1311 371 1343 εἰ
397 1321 463 1355 γκζι
492 1311 551 1342 xxi
578 1315 623 1354 τῷ
647 1309 739 1354 ὅμῳ
766 1311 890 1355 μικρόν
920 1310 1007 1349 ἐστι,
1031 1311 1183 1354 δυνάμει
1209 1311 1269 1342 zui.
1294 1311 1460 1354 τιμιότητν.
1482 1309 1570 1342 πῶς)

145 1369 275 1414 μᾶλλον
302 1370 436 1402 πάντων
463 1369 642 1414 ὐτερέχει..
668 1368 750 1403 Non
770 1378 915 1414 oportet
943 1378 1077 1410 autem,
1099 1369 1195 1403 iuxta
1222 1367 1463 1415 quorumdam
1492 1367 1574 1413 pla-

146 1429 269 1471 citum,
294 1440 389 1470 eum,
417 1430 475 1475 qui
502 1429 616 1463 homo
643 1438 708 1467 est,
734 1429 893 1463 humana
921 1430 1095 1474 cogitare,
1125 1429 1254 1475 quique
1295 1429 1460 1464 mortalis
1499 1437 1566 1470 est,

146 1487 324 1530 mortalia,
351 1488 410 1522 sed
438 1499 613 1534 quantum
631 1488 705 1523 fieri
727 1498 844 1534 potest
863 1498 1015 1523 conetur
1036 1488 1113 1523 {ieri
1132 1489 1362 1531 immortalis,
1384 1498 1417 1523 et
1447 1490 1572 1523 omnia

146 1548 262 1583 {acere
279 1549 323 1582 ad
340 1548 534 1582 vivendum
553 1549 649 1582 iuxta
675 1548 773 1589 illud,
792 1548 889 1594 quod
917 1549 951 1582 in
972 1549 1090 1593 seipso
1109 1548 1289 1593 optimum
1308 1557 1373 1582 est:
1405 1548 1572 1593 quamvis

147 1608 244 1642 enim
270 1607 398 1642 inertia
426 1619 575 1652 parvum
603 1607 647 1642 sit
673 1607 752 1652 (alii
777 1612 926 1649 venunt,
953 1608 1112 1653 pondere
1139 1618 1291 1652 parvum
1330 1608 1404 1651 sit),
1440 1607 1573 1642 virtute

148 1677 181 1702 et
208 1667 321 1713 pretio
349 1667 518 1700 omnibns
544 1666 654 1713 longe
682 1676 850 1712 praestat.
873 1682 889 1697 »

240 1725 294 1772 (2)
319 1724 374 1761 Cf.
400 1726 509 1761 Arist.
534 1726 695 1772 Metaph.
725 1727 749 1761 I.
778 1736 809 1760 2.

243 1787 296 1830 (3)
323 1785 411 1831 Cap.
439 1787 482 1821 V.
511 1787 612 1831 ''l-243¹.
652 1785 685 1818 δ’
708 1786 854 1830 έκάτερν.
892 1787 1010 1833 χάριν
1035 1791 1104 1820 τῶν
1130 1787 1192 1833 μὲν
1219 1788 1285 1831 γὰρ
1326 1785 1355 1820 εὶ
1388 1788 1448 1819 κκὶ
1485 1788 1573 1820 κατ).

146 1845 270 1890 μικρόν
298 1842 523 1891 ἐφαπτόμύκ,
553 1843 639 1889 ὅμως
667 1844 727 1876 δι’).
752 1844 808 1880 τὴν
835 1845 1017 1890 τιμιότητν.
1042 1848 1100 1878 τοῦ
1127 1847 1314 1889 γνωρίζειν
1344 1844 1444 1880 ἥδιον
1473 1845 1491 1881 ἦ
1528 1847 1573 1878 τὰ.

146 1902 229 1947 παρ’
249 1902 329 1947 ἡμῖν
358 1903 504 1935 stranea..
532 1902 736 1949 Utrumque
762 1903 938 1947 (studium
963 1912 1042 1938 tum
1073 1903 1282 1939 caelestium
1315 1912 1393 1938 tum
1427 1902 1569 1938 inferio-

145 1973 224 1996 rum
251 1961 549 2005 substantiarum)
576 1962 800 2008 voluptatem
826 1962 943 1998 habet:
974 1963 1056 1997 licet
1085 1964 1183 1998 enirn
1212 1974 1339 2009 parum
1366 1963 1428 1997 illa
1455 1964 1567 1998 attin-

147 2034 285 2070 gamus,
321 2031 445 2058 tamen
488 2023 557 2058 hoc
600 2035 747 2070 propter
787 2025 1015 2060 nobilitatem
1052 2025 1301 2072 cognoscendi
1336 2025 1473 2059 dulcius
1509 2033 1571 2066 est,

146 2094 252 2129 quarn
279 2084 414 2122 omnia,
441 2095 529 2130 quae
557 2085 649 2118 circa
677 2095 743 2118 nos
770 2093 862 2127 sunt,
890 2085 1041 2131 assequi.
1070 2103 1115 2109 —
1142 2085 1317 2130 Loquitur
1354 2082 1570 2118 Aristoteles

147 2141 189 2176 de
216 2142 422 2177 substantiis
449 2143 672 2179 naturalibus.
701 2143 772 2178 hoc
799 2153 852 2178 est
880 2145 1097 2189 corporibus
1124 2143 1364 2184 sensibilibus,
1392 2154 1484 2188 quae
1513 2142 1570 2176 di-

147 2201 234 2237 vidit
261 2202 296 2236 in
323 2201 394 2236 duo
421 2214 567 2249 genera,
595 2204 617 2238 i.
641 2215 670 2238 e.
698 2206 732 2237 in
760 2214 910 2249 corpora
937 2203 1103 2244 coelastia,
1121 2213 1212 2248 quae
1239 2202 1338 2236 iuxta
1361 2203 1472 2248 ipsius
1490 2202 1573 2247 opi-

146 2262 295 2297 nionem
320 2271 403 2297 sunt
428 2263 589 2308 ingenita
615 2262 836 2298 immortalia
862 2274 902 2297 ac
931 2262 1085 2297 saeculis
1124 2262 1293 2297 omnibus
1331 2261 1509 2304 duratura,
1537 2270 1571 2296 et

148 2322 182 2356 in
210 2331 362 2367 corpora
388 2322 597 2364 sublunaria,
625 2334 714 2368 quae
741 2331 963 2368 generantur
989 2331 1025 2357 et
1055 2331 1346 2369 corrumpuntur.

243 2382 301 2426 (4)
329 2382 437 2416 Text.
463 2392 599 2416 comm.
630 2392 682 2426 34.
707 2402 752 2407 —
780 2382 814 2416 S.
841 2382 1083 2428 Augustinus,
1112 2382 1155 2417 de
1189 2393 1272 2428 gen.
1299 2382 1340 2415 ad
1377 2381 1444 2416 litt.
1472 2382 1493 2416 l.
1520 2381 1565 2415 V.

149 2451 184 2474 n.
210 2440 279 2483 84,
305 2440 391 2474 dicit
419 2451 495 2475 esse
531 2440 840 2486 «incomparabili
881 2439 1054 2476 felicitate
1093 2443 1331 2487 praestantius
1370 2442 1488 2476 Deum
1528 2451 1571 2474 ex

148 2500 475 2546 quantulacumque
495 2499 667 2545 particula
694 2500 752 2545 pia
773 2509 895 2535 mente
922 2500 1070 2544 sentire,
1092 2512 1200 2547 quam
1220 2500 1282 2535 illa
1300 2500 1465 2535 universa
1482 2499 1575 2545 (cre-

149 2560 222 2604 ata)
249 2559 598 2606 comprehendere.»
934 2558 937 2560 ’
