<?xml version="1.0" encoding="UTF-8"?>
<!DOCTYPE html PUBLIC "-//W3C//DTD XHTML 1.0 Transitional//EN"
    "http://www.w3.org/TR/xhtml1/DTD/xhtml1-transitional.dtd">
<html xmlns="http://www.w3.org/1999/xhtml" xml:lang="en" lang="en">
 <head>
  <title>
</title>
<meta http-equiv="Content-Type" content="text/html;charset=utf-8" />
  <meta name='ocr-system' content='tesseract 3.04.00' />
  <meta name='ocr-capabilities' content='ocr_page ocr_carea ocr_par ocr_line ocrx_word'/>
</head>
<body>
  <div class='ocr_page' id='page_1' title='image "./institutionesphi02ferr_0228.png"; bbox 0 0 1737 2802; ppageno 0'>
   <div class='ocr_carea' id='block_1_1' title="bbox 761 76 1026 118">
    <p class='ocr_par' dir='ltr' id='par_1_1' title="bbox 761 76 1026 118">
     <span class='ocr_line' id='line_1_1' title="bbox 761 76 1026 118; baseline 0 0"><span class='ocrx_word' id='word_1_1' title='bbox 761 76 1026 118; x_wconf 84' lang='lat'>—216—</span> 
     </span>
    </p>
   </div>
   <div class='ocr_carea' id='block_1_2' title="bbox 182 167 1624 1815">
    <p class='ocr_par' dir='ltr' id='par_1_2' title="bbox 182 167 1618 1237">
     <span class='ocr_line' id='line_1_2' title="bbox 302 167 1603 228; baseline -0.001 -15"><span class='ocrx_word' id='word_1_2' title='bbox 302 173 369 214; x_wconf 88' lang='lat'>61.</span> <span class='ocrx_word' id='word_1_3' title='bbox 404 172 466 213; x_wconf 88' lang='lat' dir='ltr'>Ac</span> <span class='ocrx_word' id='word_1_4' title='bbox 498 169 618 213; x_wconf 77' lang='lat' dir='ltr'>bruta</span> <span class='ocrx_word' id='word_1_5' title='bbox 641 169 815 228; x_wconf 80' lang='lat' dir='ltr'>quidem</span> <span class='ocrx_word' id='word_1_6' title='bbox 844 186 971 213; x_wconf 84' lang='lat' dir='ltr'>suum</span> <span class='ocrx_word' id='word_1_7' title='bbox 1004 185 1148 213; x_wconf 76' lang='lat' dir='ltr'>verum</span> <span class='ocrx_word' id='word_1_8' title='bbox 1171 168 1335 213; x_wconf 89' lang='lat' dir='ltr'>bonum</span> <span class='ocrx_word' id='word_1_9' title='bbox 1360 167 1603 212; x_wconf 75' lang='lat' dir='ltr'>necessario</span> 
     </span>
     <span class='ocr_line' id='line_1_3' title="bbox 182 240 1609 301; baseline -0.001 -16"><span class='ocrx_word' id='word_1_10' title='bbox 182 243 223 285; x_wconf 91' lang='lat' dir='ltr'>in</span> <span class='ocrx_word' id='word_1_11' title='bbox 256 243 344 284; x_wconf 80' lang='lat' dir='ltr'>suis</span> <span class='ocrx_word' id='word_1_12' title='bbox 392 242 631 285; x_wconf 81' lang='lat' dir='ltr'>actionibus</span> <span class='ocrx_word' id='word_1_13' title='bbox 682 255 1015 301; x_wconf 83' lang='lat' dir='ltr'>prosequuntur.</span> <span class='ocrx_word' id='word_1_14' title='bbox 1057 243 1224 286; x_wconf 76' lang='lat' dir='ltr'>«Bruta</span> <span class='ocrx_word' id='word_1_15' title='bbox 1257 257 1309 284; x_wconf 84' lang='lat' dir='ltr'>ex</span> <span class='ocrx_word' id='word_1_16' title='bbox 1351 240 1392 284; x_wconf 88' lang='lat' dir='ltr'>vi</span> <span class='ocrx_word' id='word_1_17' title='bbox 1435 252 1609 284; x_wconf 83' lang='lat' dir='ltr'>naturae</span> 
     </span>
     <span class='ocr_line' id='line_1_4' title="bbox 183 311 1608 371; baseline -0.001 -14"><span class='ocrx_word' id='word_1_18' title='bbox 183 314 461 371; x_wconf 83' lang='lat' dir='ltr'>impelluntur</span> <span class='ocrx_word' id='word_1_19' title='bbox 516 313 565 357; x_wconf 83' lang='lat' dir='ltr'>ad</span> <span class='ocrx_word' id='word_1_20' title='bbox 620 315 834 371; x_wconf 75' lang='lat' dir='ltr'>agendum</span> <span class='ocrx_word' id='word_1_21' title='bbox 889 316 1169 358; x_wconf 70' lang='lat' dir='ltr'>convenientes</span> <span class='ocrx_word' id='word_1_22' title='bbox 1222 314 1413 357; x_wconf 87' lang='lat' dir='ltr'>actiones</span> <span class='ocrx_word' id='word_1_23' title='bbox 1448 331 1470 352; x_wconf 84' lang='lat'><strong>»</strong></span> <span class='ocrx_word' id='word_1_24' title='bbox 1520 311 1608 371; x_wconf 85' lang='lat'>(1).</span> 
     </span>
     <span class='ocr_line' id='line_1_5' title="bbox 182 385 1611 444; baseline 0 -16"><span class='ocrx_word' id='word_1_25' title='bbox 182 386 284 429; x_wconf 88' lang='lat' dir='ltr'>Non</span> <span class='ocrx_word' id='word_1_26' title='bbox 321 387 376 428; x_wconf 75' lang='lat' dir='ltr'>ita</span> <span class='ocrx_word' id='word_1_27' title='bbox 424 386 574 431; x_wconf 84' lang='lat' dir='ltr'>homo:</span> <span class='ocrx_word' id='word_1_28' title='bbox 613 386 746 429; x_wconf 83' lang='lat' dir='ltr'>libero</span> <span class='ocrx_word' id='word_1_29' title='bbox 795 387 908 430; x_wconf 85' lang='lat' dir='ltr'>enim</span> <span class='ocrx_word' id='word_1_30' title='bbox 945 402 1031 444; x_wconf 88' lang='lat' dir='ltr'>quo</span> <span class='ocrx_word' id='word_1_31' title='bbox 1067 386 1198 444; x_wconf 92' lang='lat' dir='ltr'>pollet</span> <span class='ocrx_word' id='word_1_32' title='bbox 1247 385 1419 429; x_wconf 89' lang='lat' dir='ltr'>arbitrio</span> <span class='ocrx_word' id='word_1_33' title='bbox 1470 396 1611 444; x_wconf 89' lang='lat' dir='ltr'>potest</span> 
     </span>
     <span class='ocr_line' id='line_1_6' title="bbox 184 457 1612 516; baseline 0.001 -17"><span class='ocrx_word' id='word_1_34' title='bbox 184 470 297 500; x_wconf 82' lang='lat' dir='ltr'>recte</span> <span class='ocrx_word' id='word_1_35' title='bbox 331 459 390 500; x_wconf 89' lang='lat' dir='ltr'>uti</span> <span class='ocrx_word' id='word_1_36' title='bbox 423 457 488 500; x_wconf 79' lang='lat' dir='ltr'>vel</span> <span class='ocrx_word' id='word_1_37' title='bbox 524 458 650 514; x_wconf 76' lang='lat' dir='ltr'>male,</span> <span class='ocrx_word' id='word_1_38' title='bbox 688 473 848 516; x_wconf 88' lang='lat' dir='ltr'>ponere</span> <span class='ocrx_word' id='word_1_39' title='bbox 884 458 1074 501; x_wconf 79' lang='lat' dir='ltr'>actiones</span> <span class='ocrx_word' id='word_1_40' title='bbox 1107 473 1207 501; x_wconf 76' lang='lat' dir='ltr'>suae</span> <span class='ocrx_word' id='word_1_41' title='bbox 1232 470 1404 501; x_wconf 81' lang='lat' dir='ltr'>naturae</span> <span class='ocrx_word' id='word_1_42' title='bbox 1449 472 1612 501; x_wconf 89' lang='lat' dir='ltr'>conve-</span> 
     </span>
     <span class='ocr_line' id='line_1_7' title="bbox 183 530 1610 588; baseline 0 -16"><span class='ocrx_word' id='word_1_43' title='bbox 183 530 349 572; x_wconf 63' lang='lat' dir='ltr'>nientes</span> <span class='ocrx_word' id='word_1_44' title='bbox 383 530 447 572; x_wconf 74' lang='lat' dir='ltr'>vel</span> <span class='ocrx_word' id='word_1_45' title='bbox 482 546 502 572; x_wconf 90' lang='lat' dir='ltr'>e</span> <span class='ocrx_word' id='word_1_46' title='bbox 537 531 750 573; x_wconf 84' lang='lat' dir='ltr'>contrario</span> <span class='ocrx_word' id='word_1_47' title='bbox 784 531 974 573; x_wconf 80' lang='lat' dir='ltr'>actiones</span> <span class='ocrx_word' id='word_1_48' title='bbox 1007 546 1107 573; x_wconf 81' lang='lat' dir='ltr'>suae</span> <span class='ocrx_word' id='word_1_49' title='bbox 1152 542 1323 573; x_wconf 76' lang='lat' dir='ltr'>naturae</span> <span class='ocrx_word' id='word_1_50' title='bbox 1371 530 1610 588; x_wconf 83' lang='lat' dir='ltr'>oppositas,</span> 
     </span>
     <span class='ocr_line' id='line_1_8' title="bbox 183 601 1611 660; baseline 0 -17"><span class='ocrx_word' id='word_1_51' title='bbox 183 602 381 658; x_wconf 72' lang='lat' dir='ltr'>persequi</span> <span class='ocrx_word' id='word_1_52' title='bbox 415 617 542 644; x_wconf 74' lang='lat' dir='ltr'>suun]</span> <span class='ocrx_word' id='word_1_53' title='bbox 578 618 728 645; x_wconf 83' lang='lat' dir='ltr'>verum</span> <span class='ocrx_word' id='word_1_54' title='bbox 764 601 928 645; x_wconf 86' lang='lat' dir='ltr'>bonum</span> <span class='ocrx_word' id='word_1_55' title='bbox 963 601 1027 646; x_wconf 88' lang='lat' dir='ltr'>vel</span> <span class='ocrx_word' id='word_1_56' title='bbox 1062 604 1101 644; x_wconf 91' lang='lat' dir='ltr'>in</span> <span class='ocrx_word' id='word_1_57' title='bbox 1131 617 1182 645; x_wconf 91' lang='lat' dir='ltr'>eo</span> <span class='ocrx_word' id='word_1_58' title='bbox 1216 601 1332 645; x_wconf 88' lang='lat' dir='ltr'>bono</span> <span class='ocrx_word' id='word_1_59' title='bbox 1366 601 1485 660; x_wconf 92' lang='lat' dir='ltr'>quod</span> <span class='ocrx_word' id='word_1_60' title='bbox 1517 613 1611 644; x_wconf 87' lang='lat' dir='ltr'>tan-</span> 
     </span>
     <span class='ocr_line' id='line_1_9' title="bbox 183 673 1613 733; baseline 0.001 -19"><span class='ocrx_word' id='word_1_61' title='bbox 183 673 416 717; x_wconf 85' lang='lat' dir='ltr'>tummodo</span> <span class='ocrx_word' id='word_1_62' title='bbox 439 689 645 731; x_wconf 73' lang='lat' dir='ltr'>apparens</span> <span class='ocrx_word' id='word_1_63' title='bbox 671 675 724 717; x_wconf 90' lang='lat' dir='ltr'>sit</span> <span class='ocrx_word' id='word_1_64' title='bbox 748 675 896 718; x_wconf 77' lang='lat' dir='ltr'>sistere</span> <span class='ocrx_word' id='word_1_65' title='bbox 920 674 1005 733; x_wconf 87' lang='lat'>(2).</span> <span class='ocrx_word' id='word_1_66' title='bbox 1032 675 1144 717; x_wconf 89' lang='lat' dir='ltr'>Hinc</span> <span class='ocrx_word' id='word_1_67' title='bbox 1181 689 1258 732; x_wconf 89' lang='lat' dir='ltr'>pro</span> <span class='ocrx_word' id='word_1_68' title='bbox 1290 673 1469 718; x_wconf 86' lang='lat' dir='ltr'>homine</span> <span class='ocrx_word' id='word_1_69' title='bbox 1492 673 1613 717; x_wconf 89' lang='lat' dir='ltr'>locus</span> 
     </span>
     <span class='ocr_line' id='line_1_10' title="bbox 185 746 1610 804; baseline 0 -16"><span class='ocrx_word' id='word_1_70' title='bbox 185 757 248 788; x_wconf 88' lang='lat' dir='ltr'>est</span> <span class='ocrx_word' id='word_1_71' title='bbox 281 746 366 802; x_wconf 62' lang='lat' dir='ltr'>legi,</span> <span class='ocrx_word' id='word_1_72' title='bbox 399 761 506 804; x_wconf 78' lang='lat' dir='ltr'>quae</span> <span class='ocrx_word' id='word_1_73' title='bbox 539 746 575 789; x_wconf 89' lang='lat' dir='ltr'>ei</span> <span class='ocrx_word' id='word_1_74' title='bbox 611 746 740 789; x_wconf 81' lang='lat' dir='ltr'>dictet</span> <span class='ocrx_word' id='word_1_75' title='bbox 763 759 809 790; x_wconf 89' lang='lat' dir='ltr'>ut</span> <span class='ocrx_word' id='word_1_76' title='bbox 841 747 1121 790; x_wconf 59' lang='lat' dir='ltr'>convenienter</span> <span class='ocrx_word' id='word_1_77' title='bbox 1155 762 1254 789; x_wconf 83' lang='lat' dir='ltr'>suae</span> <span class='ocrx_word' id='word_1_78' title='bbox 1287 759 1461 790; x_wconf 83' lang='lat' dir='ltr'>naturae</span> <span class='ocrx_word' id='word_1_79' title='bbox 1495 758 1610 804; x_wconf 84' lang='lat' dir='ltr'>agat,</span> 
     </span>
     <span class='ocr_line' id='line_1_11' title="bbox 187 816 1615 876; baseline 0.002 -18"><span class='ocrx_word' id='word_1_80' title='bbox 187 816 307 859; x_wconf 87' lang='lat' dir='ltr'>locus</span> <span class='ocrx_word' id='word_1_81' title='bbox 341 829 404 860; x_wconf 84' lang='lat' dir='ltr'>est</span> <span class='ocrx_word' id='word_1_82' title='bbox 436 817 576 875; x_wconf 78' lang='lat' dir='ltr'>officio,</span> <span class='ocrx_word' id='word_1_83' title='bbox 609 833 695 875; x_wconf 86' lang='lat' dir='ltr'>quo</span> <span class='ocrx_word' id='word_1_84' title='bbox 729 831 922 861; x_wconf 68' lang='lat' dir='ltr'>teneatur</span> <span class='ocrx_word' id='word_1_85' title='bbox 947 843 1002 851; x_wconf 88' lang='lat'>—</span> <span class='ocrx_word' id='word_1_86' title='bbox 1030 819 1163 876; x_wconf 80' lang='lat' dir='ltr'>primo</span> <span class='ocrx_word' id='word_1_87' title='bbox 1198 817 1389 876; x_wconf 86' lang='lat' dir='ltr'>quidem,</span> <span class='ocrx_word' id='word_1_88' title='bbox 1414 817 1615 876; x_wconf 81' lang='lat' dir='ltr'>detegere</span> 
     </span>
     <span class='ocr_line' id='line_1_12' title="bbox 189 888 1616 947; baseline 0.002 -17"><span class='ocrx_word' id='word_1_89' title='bbox 189 888 259 931; x_wconf 89' lang='lat' dir='ltr'>ubi</span> <span class='ocrx_word' id='word_1_90' title='bbox 293 902 333 931; x_wconf 90' lang='lat' dir='ltr'>et</span> <span class='ocrx_word' id='word_1_91' title='bbox 367 889 583 947; x_wconf 83' lang='lat' dir='ltr'>quodnam</span> <span class='ocrx_word' id='word_1_92' title='bbox 621 891 672 933; x_wconf 85' lang='lat' dir='ltr'>sit</span> <span class='ocrx_word' id='word_1_93' title='bbox 705 906 849 934; x_wconf 65' lang='lat' dir='ltr'>‘verum</span> <span class='ocrx_word' id='word_1_94' title='bbox 885 891 1020 945; x_wconf 84' lang='lat' dir='ltr'>ipsius</span> <span class='ocrx_word' id='word_1_95' title='bbox 1055 889 1219 934; x_wconf 88' lang='lat' dir='ltr'>bonum</span> <span class='ocrx_word' id='word_1_96' title='bbox 1243 917 1301 922; x_wconf 97' lang='lat'><strong>—</strong></span> <span class='ocrx_word' id='word_1_97' title='bbox 1334 890 1504 935; x_wconf 81' lang='lat' dir='ltr'>secundo</span> <span class='ocrx_word' id='word_1_98' title='bbox 1538 905 1616 933; x_wconf 83' lang='lat' dir='ltr'>au-</span> 
     </span>
     <span class='ocr_line' id='line_1_13' title="bbox 189 960 1616 1020; baseline 0.001 -17"><span class='ocrx_word' id='word_1_99' title='bbox 189 972 275 1003; x_wconf 87' lang='lat' dir='ltr'>tem</span> <span class='ocrx_word' id='word_1_100' title='bbox 311 976 407 1003; x_wconf 76' lang='lat' dir='ltr'>suas</span> <span class='ocrx_word' id='word_1_101' title='bbox 443 960 493 1004; x_wconf 81' lang='lat' dir='ltr'>ad</span> <span class='ocrx_word' id='word_1_102' title='bbox 528 961 631 1005; x_wconf 87' lang='lat' dir='ltr'>illud</span> <span class='ocrx_word' id='word_1_103' title='bbox 665 963 851 1005; x_wconf 74' lang='lat' dir='ltr'>actiones</span> <span class='ocrx_word' id='word_1_104' title='bbox 887 962 1083 1019; x_wconf 83' lang='lat' dir='ltr'>dirigere.</span> <span class='ocrx_word' id='word_1_105' title='bbox 1109 963 1261 1006; x_wconf 84' lang='lat' dir='ltr'>Existit</span> <span class='ocrx_word' id='word_1_106' title='bbox 1294 977 1399 1020; x_wconf 83' lang='lat' dir='ltr'>ergo</span> <span class='ocrx_word' id='word_1_107' title='bbox 1434 961 1516 1004; x_wconf 91' lang='lat' dir='ltr'>hoc</span> <span class='ocrx_word' id='word_1_108' title='bbox 1541 960 1616 1004; x_wconf 87' lang='lat' dir='ltr'>ho-</span> 
     </span>
     <span class='ocr_line' id='line_1_14' title="bbox 189 1033 1617 1092; baseline 0.001 -18"><span class='ocrx_word' id='word_1_109' title='bbox 189 1033 318 1075; x_wconf 84' lang='lat' dir='ltr'>minis</span> <span class='ocrx_word' id='word_1_110' title='bbox 351 1049 449 1089; x_wconf 70' lang='lat' dir='ltr'>erga</span> <span class='ocrx_word' id='word_1_111' title='bbox 481 1034 674 1090; x_wconf 84' lang='lat' dir='ltr'>seipsum</span> <span class='ocrx_word' id='word_1_112' title='bbox 724 1033 930 1091; x_wconf 87' lang='lat' dir='ltr'>officium,</span> <span class='ocrx_word' id='word_1_113' title='bbox 963 1050 1050 1092; x_wconf 88' lang='lat' dir='ltr'>quo</span> <span class='ocrx_word' id='word_1_114' title='bbox 1099 1047 1270 1077; x_wconf 86' lang='lat' dir='ltr'>tenetur</span> <span class='ocrx_word' id='word_1_115' title='bbox 1303 1049 1432 1077; x_wconf 89' lang='lat' dir='ltr'>suum</span> <span class='ocrx_word' id='word_1_116' title='bbox 1465 1049 1617 1077; x_wconf 85' lang='lat' dir='ltr'>verum</span> 
     </span>
     <span class='ocr_line' id='line_1_15' title="bbox 189 1104 1618 1165; baseline 0.001 -18"><span class='ocrx_word' id='word_1_117' title='bbox 189 1104 353 1149; x_wconf 85' lang='lat' dir='ltr'>bonum</span> <span class='ocrx_word' id='word_1_118' title='bbox 387 1105 465 1148; x_wconf 83' lang='lat' dir='ltr'>sibi</span> <span class='ocrx_word' id='word_1_119' title='bbox 512 1106 635 1163; x_wconf 79' lang='lat' dir='ltr'>velle,</span> <span class='ocrx_word' id='word_1_120' title='bbox 669 1123 758 1160; x_wconf 87' lang='lat' dir='ltr'>seu,</span> <span class='ocrx_word' id='word_1_121' title='bbox 793 1107 909 1165; x_wconf 86' lang='lat' dir='ltr'>quod</span> <span class='ocrx_word' id='word_1_122' title='bbox 954 1107 1064 1150; x_wconf 84' lang='lat' dir='ltr'>idem</span> <span class='ocrx_word' id='word_1_123' title='bbox 1103 1122 1281 1165; x_wconf 85' lang='lat' dir='ltr'>prorsus</span> <span class='ocrx_word' id='word_1_124' title='bbox 1315 1119 1393 1160; x_wconf 87' lang='lat' dir='ltr'>est,</span> <span class='ocrx_word' id='word_1_125' title='bbox 1426 1107 1618 1164; x_wconf 88' lang='lat' dir='ltr'>seipsum</span> 
     </span>
     <span class='ocr_line' id='line_1_16' title="bbox 191 1178 1054 1237; baseline 0.003 -16"><span class='ocrx_word' id='word_1_126' title='bbox 191 1193 338 1221; x_wconf 79' lang='lat' dir='ltr'>amore</span> <span class='ocrx_word' id='word_1_127' title='bbox 373 1190 488 1221; x_wconf 88' lang='lat' dir='ltr'>recto</span> <span class='ocrx_word' id='word_1_128' title='bbox 522 1195 595 1221; x_wconf 85' lang='lat' dir='ltr'>seu</span> <span class='ocrx_word' id='word_1_129' title='bbox 630 1178 829 1222; x_wconf 83' lang='lat' dir='ltr'>ordinato</span> <span class='ocrx_word' id='word_1_130' title='bbox 864 1179 1054 1237; x_wconf 79' lang='lat' dir='ltr'>diligere.</span> 
     </span>
    </p>

    <p class='ocr_par' dir='ltr' id='par_1_3' title="bbox 193 1250 1624 1815">
     <span class='ocr_line' id='line_1_17' title="bbox 314 1250 1622 1309; baseline -0.002 -16"><span class='ocrx_word' id='word_1_131' title='bbox 314 1253 381 1293; x_wconf 88' lang='lat'>62.</span> <span class='ocrx_word' id='word_1_132' title='bbox 417 1252 532 1294; x_wconf 82' lang='lat' dir='ltr'>Haec</span> <span class='ocrx_word' id='word_1_133' title='bbox 568 1250 767 1308; x_wconf 72' lang='lat' dir='ltr'>formula,</span> <span class='ocrx_word' id='word_1_134' title='bbox 801 1251 917 1308; x_wconf 62' lang='lat' dir='ltr'>dilige</span> <span class='ocrx_word' id='word_1_135' title='bbox 954 1253 1123 1309; x_wconf 74' lang='lat' dir='ltr'>teipsmn</span> <span class='ocrx_word' id='word_1_136' title='bbox 1156 1267 1294 1294; x_wconf 78' lang='lat' dir='ltr'>amore</span> <span class='ocrx_word' id='word_1_137' title='bbox 1327 1250 1533 1305; x_wconf 84' lang='lat' dir='ltr'>ordinato,</span> <span class='ocrx_word' id='word_1_138' title='bbox 1557 1261 1622 1292; x_wconf 89' lang='lat' dir='ltr'>est</span> 
     </span>
     <span class='ocr_line' id='line_1_18' title="bbox 193 1322 1620 1381; baseline 0 -17"><span class='ocrx_word' id='word_1_139' title='bbox 193 1338 293 1365; x_wconf 82' lang='lat' dir='ltr'>sane</span> <span class='ocrx_word' id='word_1_140' title='bbox 329 1322 412 1379; x_wconf 73' lang='lat' dir='ltr'>illa,</span> <span class='ocrx_word' id='word_1_141' title='bbox 445 1338 552 1381; x_wconf 74' lang='lat' dir='ltr'>quae</span> <span class='ocrx_word' id='word_1_142' title='bbox 586 1326 732 1367; x_wconf 80' lang='lat' dir='ltr'>omnia</span> <span class='ocrx_word' id='word_1_143' title='bbox 766 1323 956 1366; x_wconf 80' lang='lat' dir='ltr'>hominis</span> <span class='ocrx_word' id='word_1_144' title='bbox 991 1323 1042 1366; x_wconf 86' lang='lat' dir='ltr'>ad</span> <span class='ocrx_word' id='word_1_145' title='bbox 1075 1324 1263 1381; x_wconf 87' lang='lat' dir='ltr'>seipsum</span> <span class='ocrx_word' id='word_1_146' title='bbox 1316 1322 1454 1366; x_wconf 82' lang='lat' dir='ltr'>officia</span> <span class='ocrx_word' id='word_1_147' title='bbox 1502 1337 1620 1364; x_wconf 89' lang='lat' dir='ltr'>com-</span> 
     </span>
     <span class='ocr_line' id='line_1_19' title="bbox 194 1395 1622 1454; baseline 0 -16"><span class='ocrx_word' id='word_1_148' title='bbox 194 1395 391 1452; x_wconf 78' lang='lat' dir='ltr'>plectitur</span> <span class='ocrx_word' id='word_1_149' title='bbox 425 1397 496 1453; x_wconf 73' lang='lat' dir='ltr'>ita,</span> <span class='ocrx_word' id='word_1_150' title='bbox 529 1410 575 1439; x_wconf 85' lang='lat' dir='ltr'>ut</span> <span class='ocrx_word' id='word_1_151' title='bbox 609 1398 754 1440; x_wconf 72' lang='lat' dir='ltr'>omnia</span> <span class='ocrx_word' id='word_1_152' title='bbox 789 1414 839 1440; x_wconf 79' lang='lat' dir='ltr'>ex</span> <span class='ocrx_word' id='word_1_153' title='bbox 872 1412 918 1439; x_wconf 77' lang='lat' dir='ltr'>ea</span> <span class='ocrx_word' id='word_1_154' title='bbox 952 1397 1119 1454; x_wconf 80' lang='lat' dir='ltr'>possint</span> <span class='ocrx_word' id='word_1_155' title='bbox 1149 1395 1315 1440; x_wconf 87' lang='lat' dir='ltr'>deduci.</span> <span class='ocrx_word' id='word_1_156' title='bbox 1346 1396 1467 1439; x_wconf 78' lang='lat' dir='ltr'>Hanc</span> <span class='ocrx_word' id='word_1_157' title='bbox 1492 1395 1622 1452; x_wconf 82' lang='lat' dir='ltr'>igitur</span> 
     </span>
     <span class='ocr_line' id='line_1_20' title="bbox 193 1466 1622 1526; baseline -0.001 -17"><span class='ocrx_word' id='word_1_158' title='bbox 193 1466 424 1510; x_wconf 81' lang='lat' dir='ltr'>formulam</span> <span class='ocrx_word' id='word_1_159' title='bbox 461 1481 700 1525; x_wconf 71' lang='lat' dir='ltr'>spectantes</span> <span class='ocrx_word' id='word_1_160' title='bbox 734 1483 786 1512; x_wconf 81' lang='lat' dir='ltr'>ex</span> <span class='ocrx_word' id='word_1_161' title='bbox 820 1484 953 1526; x_wconf 81' lang='lat' dir='ltr'>eaque</span> <span class='ocrx_word' id='word_1_162' title='bbox 1003 1469 1303 1511; x_wconf 78' lang='lat' dir='ltr'>ratiocinantes</span> <span class='ocrx_word' id='word_1_163' title='bbox 1337 1467 1622 1525; x_wconf 86' lang='lat' dir='ltr'>inquiremus,</span> 
     </span>
     <span class='ocr_line' id='line_1_21' title="bbox 194 1539 1622 1597; baseline 0 -16"><span class='ocrx_word' id='word_1_164' title='bbox 194 1553 403 1596; x_wconf 70' lang='lat' dir='ltr'>quaenam</span> <span class='ocrx_word' id='word_1_165' title='bbox 440 1540 481 1581; x_wconf 90' lang='lat' dir='ltr'>in</span> <span class='ocrx_word' id='word_1_166' title='bbox 532 1539 771 1597; x_wconf 69' lang='lat' dir='ltr'>particulari</span> <span class='ocrx_word' id='word_1_167' title='bbox 816 1541 900 1582; x_wconf 89' lang='lat' dir='ltr'>sint</span> <span class='ocrx_word' id='word_1_168' title='bbox 950 1539 1140 1582; x_wconf 77' lang='lat' dir='ltr'>hominis</span> <span class='ocrx_word' id='word_1_169' title='bbox 1190 1555 1289 1596; x_wconf 81' lang='lat' dir='ltr'>erga</span> <span class='ocrx_word' id='word_1_170' title='bbox 1338 1540 1622 1596; x_wconf 82' lang='lat' dir='ltr'>semetipsum</span> 
     </span>
     <span class='ocr_line' id='line_1_22' title="bbox 194 1609 1621 1670; baseline 0 -18"><span class='ocrx_word' id='word_1_171' title='bbox 194 1610 332 1653; x_wconf 72' lang='lat' dir='ltr'>officia</span> <span class='ocrx_word' id='word_1_172' title='bbox 356 1637 410 1642; x_wconf 90' lang='lat'>—-</span> <span class='ocrx_word' id='word_1_173' title='bbox 435 1614 591 1668; x_wconf 85' lang='lat' dir='ltr'>primo,</span> <span class='ocrx_word' id='word_1_174' title='bbox 613 1612 754 1670; x_wconf 80' lang='lat' dir='ltr'>quoad</span> <span class='ocrx_word' id='word_1_175' title='bbox 778 1613 964 1655; x_wconf 72' lang='lat' dir='ltr'>animum</span> <span class='ocrx_word' id='word_1_176' title='bbox 988 1638 1044 1645; x_wconf 93' lang='lat'><strong>—</strong></span> <span class='ocrx_word' id='word_1_177' title='bbox 1068 1611 1275 1664; x_wconf 61' lang='lat' dir='ltr'>secundo,</span> <span class='ocrx_word' id='word_1_178' title='bbox 1298 1609 1440 1670; x_wconf 83' lang='lat' dir='ltr'>quoad</span> <span class='ocrx_word' id='word_1_179' title='bbox 1464 1618 1621 1669; x_wconf 80' lang='lat' dir='ltr'>corpus.</span> 
     </span>
     <span class='ocr_line' id='line_1_23' title="bbox 195 1683 1624 1742; baseline 0.001 -17"><span class='ocrx_word' id='word_1_180' title='bbox 195 1683 314 1725; x_wconf 83' lang='lat' dir='ltr'>Haec</span> <span class='ocrx_word' id='word_1_181' title='bbox 344 1684 456 1726; x_wconf 82' lang='lat' dir='ltr'>enim</span> <span class='ocrx_word' id='word_1_182' title='bbox 493 1697 555 1726; x_wconf 86' lang='lat' dir='ltr'>est</span> <span class='ocrx_word' id='word_1_183' title='bbox 589 1683 711 1727; x_wconf 78' lang='lat' dir='ltr'>obvia</span> <span class='ocrx_word' id='word_1_184' title='bbox 747 1684 919 1740; x_wconf 84' lang='lat' dir='ltr'>horum,</span> <span class='ocrx_word' id='word_1_185' title='bbox 954 1684 1108 1742; x_wconf 87' lang='lat' dir='ltr'>quibus</span> <span class='ocrx_word' id='word_1_186' title='bbox 1143 1699 1243 1741; x_wconf 79' lang='lat' dir='ltr'>erga</span> <span class='ocrx_word' id='word_1_187' title='bbox 1275 1699 1356 1732; x_wconf 87' lang='lat' dir='ltr'>nos</span> <span class='ocrx_word' id='word_1_188' title='bbox 1396 1684 1514 1741; x_wconf 87' lang='lat' dir='ltr'>ipsos</span> <span class='ocrx_word' id='word_1_189' title='bbox 1557 1694 1624 1726; x_wconf 90' lang='lat' dir='ltr'>te-</span> 
     </span>
     <span class='ocr_line' id='line_1_24' title="bbox 194 1754 864 1815; baseline 0.004 -17"><span class='ocrx_word' id='word_1_190' title='bbox 194 1769 364 1810; x_wconf 83' lang='lat' dir='ltr'>nemur,</span> <span class='ocrx_word' id='word_1_191' title='bbox 398 1754 641 1800; x_wconf 87' lang='lat' dir='ltr'>officiorum</span> <span class='ocrx_word' id='word_1_192' title='bbox 678 1758 864 1815; x_wconf 74' lang='lat' dir='ltr'>partitio.</span> 
     </span>
    </p>
   </div>
   <div class='ocr_carea' id='block_1_3' title="bbox 199 1943 1628 2529">
    <p class='ocr_par' dir='ltr' id='par_1_4' title="bbox 292 1943 1094 1990">
     <span class='ocr_line' id='line_1_25' title="bbox 292 1943 1094 1990; baseline 0 -13"><span class='ocrx_word' id='word_1_193' title='bbox 292 1944 347 1988; x_wconf 89' lang='lat'>(1)</span> <span class='ocrx_word' id='word_1_194' title='bbox 377 1944 427 1978; x_wconf 84' lang='lat' dir='ltr'>lta</span> <span class='ocrx_word' id='word_1_195' title='bbox 455 1954 484 1978; x_wconf 90' lang='lat' dir='ltr'>s.</span> <span class='ocrx_word' id='word_1_196' title='bbox 512 1943 688 1985; x_wconf 79' lang='lat' dir='ltr'>Thomas,</span> <span class='ocrx_word' id='word_1_197' title='bbox 715 1943 831 1989; x_wconf 87' lang='lat' dir='ltr'>suppl.</span> <span class='ocrx_word' id='word_1_198' title='bbox 859 1956 891 1990; x_wconf 87' lang='lat' dir='ltr'>q.</span> <span class='ocrx_word' id='word_1_199' title='bbox 918 1943 1038 1985; x_wconf 78' lang='lat' dir='ltr'>65.&#39;a.</span> <span class='ocrx_word' id='word_1_200' title='bbox 1069 1954 1094 1977; x_wconf 89' lang='lat'>1.</span> 
     </span>
    </p>

    <p class='ocr_par' dir='ltr' id='par_1_5' title="bbox 199 2001 1628 2529">
     <span class='ocr_line' id='line_1_26' title="bbox 292 2001 1626 2049; baseline -0.001 -12"><span class='ocrx_word' id='word_1_201' title='bbox 292 2003 345 2048; x_wconf 83' lang='lat'>(2)</span> <span class='ocrx_word' id='word_1_202' title='bbox 371 2003 462 2038; x_wconf 75' lang='lat' dir='ltr'>Vide</span> <span class='ocrx_word' id='word_1_203' title='bbox 490 2015 607 2049; x_wconf 85' lang='lat' dir='ltr'>snper.</span> <span class='ocrx_word' id='word_1_204' title='bbox 634 2003 706 2038; x_wconf 81' lang='lat' dir='ltr'>vol.</span> <span class='ocrx_word' id='word_1_205' title='bbox 739 2015 766 2039; x_wconf 89' lang='lat'>1.</span> <span class='ocrx_word' id='word_1_206' title='bbox 792 2003 882 2038; x_wconf 86' lang='lat' dir='ltr'>thes.</span> <span class='ocrx_word' id='word_1_207' title='bbox 911 2003 955 2038; x_wconf 92' lang='lat' dir='ltr'>V.</span> <span class='ocrx_word' id='word_1_208' title='bbox 983 2015 1062 2049; x_wconf 81' lang='lat' dir='ltr'>pag.</span> <span class='ocrx_word' id='word_1_209' title='bbox 1093 2002 1146 2047; x_wconf 85' lang='lat'>36.</span> <span class='ocrx_word' id='word_1_210' title='bbox 1176 2024 1217 2029; x_wconf 78' lang='lat'>—</span> <span class='ocrx_word' id='word_1_211' title='bbox 1235 2003 1284 2038; x_wconf 90' lang='lat' dir='ltr'>Ut</span> <span class='ocrx_word' id='word_1_212' title='bbox 1310 2002 1547 2037; x_wconf 78' lang='lat' dir='ltr'>similitudine</span> <span class='ocrx_word' id='word_1_213' title='bbox 1564 2001 1626 2036; x_wconf 91' lang='lat' dir='ltr'>ad-</span> 
     </span>
     <span class='ocr_line' id='line_1_27' title="bbox 202 2063 1628 2110; baseline -0.001 -13"><span class='ocrx_word' id='word_1_214' title='bbox 202 2063 315 2098; x_wconf 83' lang='lat' dir='ltr'>hibita</span> <span class='ocrx_word' id='word_1_215' title='bbox 342 2064 412 2098; x_wconf 86' lang='lat' dir='ltr'>dici</span> <span class='ocrx_word' id='word_1_216' title='bbox 439 2065 482 2098; x_wconf 82' lang='lat' dir='ltr'>ab</span> <span class='ocrx_word' id='word_1_217' title='bbox 509 2065 716 2099; x_wconf 85' lang='lat' dir='ltr'>auctoribus</span> <span class='ocrx_word' id='word_1_218' title='bbox 744 2064 850 2106; x_wconf 87' lang='lat' dir='ltr'>solet,</span> <span class='ocrx_word' id='word_1_219' title='bbox 870 2064 984 2098; x_wconf 88' lang='lat' dir='ltr'>homo</span> <span class='ocrx_word' id='word_1_220' title='bbox 1014 2073 1066 2098; x_wconf 90' lang='lat' dir='ltr'>est</span> <span class='ocrx_word' id='word_1_221' title='bbox 1094 2073 1131 2098; x_wconf 87' lang='lat' dir='ltr'>ut</span> <span class='ocrx_word' id='word_1_222' title='bbox 1150 2063 1318 2098; x_wconf 53' lang='lat' dir='ltr'>informis</span> <span class='ocrx_word' id='word_1_223' title='bbox 1337 2063 1512 2110; x_wconf 86' lang='lat' dir='ltr'>quaedam</span> <span class='ocrx_word' id='word_1_224' title='bbox 1533 2073 1628 2097; x_wconf 79' lang='lat' dir='ltr'>rnat-</span> 
     </span>
     <span class='ocr_line' id='line_1_28' title="bbox 200 2123 1625 2170; baseline 0.001 -14"><span class='ocrx_word' id='word_1_225' title='bbox 200 2123 312 2157; x_wconf 83' lang='lat' dir='ltr'>moris</span> <span class='ocrx_word' id='word_1_226' title='bbox 339 2124 468 2163; x_wconf 78' lang='lat' dir='ltr'>moles,</span> <span class='ocrx_word' id='word_1_227' title='bbox 496 2136 585 2170; x_wconf 81' lang='lat' dir='ltr'>quae</span> <span class='ocrx_word' id='word_1_228' title='bbox 610 2124 818 2159; x_wconf 77' lang='lat' dir='ltr'>facultatem</span> <span class='ocrx_word' id='word_1_229' title='bbox 849 2124 980 2158; x_wconf 84' lang='lat' dir='ltr'>habeat</span> <span class='ocrx_word' id='word_1_230' title='bbox 1001 2123 1178 2170; x_wconf 81' lang='lat' dir='ltr'>simulque</span> <span class='ocrx_word' id='word_1_231' title='bbox 1205 2124 1430 2170; x_wconf 72' lang='lat' dir='ltr'>obligatione</span> <span class='ocrx_word' id='word_1_232' title='bbox 1448 2131 1625 2166; x_wconf 85' lang='lat' dir='ltr'>teneatur,</span> 
     </span>
     <span class='ocr_line' id='line_1_29' title="bbox 199 2181 1627 2230; baseline 0.001 -15"><span class='ocrx_word' id='word_1_233' title='bbox 199 2193 237 2216; x_wconf 90' lang='lat' dir='ltr'>se</span> <span class='ocrx_word' id='word_1_234' title='bbox 262 2193 299 2216; x_wconf 91' lang='lat' dir='ltr'>se</span> <span class='ocrx_word' id='word_1_235' title='bbox 327 2183 360 2216; x_wconf 83' lang='lat' dir='ltr'>in</span> <span class='ocrx_word' id='word_1_236' title='bbox 390 2182 552 2217; x_wconf 81' lang='lat' dir='ltr'>nobilem</span> <span class='ocrx_word' id='word_1_237' title='bbox 593 2183 854 2230; x_wconf 81' lang='lat' dir='ltr'>pulchramque</span> <span class='ocrx_word' id='word_1_238' title='bbox 880 2193 1035 2218; x_wconf 82' lang='lat' dir='ltr'>statuam</span> <span class='ocrx_word' id='word_1_239' title='bbox 1064 2183 1098 2216; x_wconf 83' lang='lat' dir='ltr'>vi</span> <span class='ocrx_word' id='word_1_240' title='bbox 1139 2193 1173 2217; x_wconf 81' lang='lat' dir='ltr'>ct</span> <span class='ocrx_word' id='word_1_241' title='bbox 1199 2182 1381 2217; x_wconf 81' lang='lat' dir='ltr'>activitate</span> <span class='ocrx_word' id='word_1_242' title='bbox 1419 2193 1482 2216; x_wconf 86' lang='lat' dir='ltr'>sua</span> <span class='ocrx_word' id='word_1_243' title='bbox 1521 2181 1627 2217; x_wconf 85' lang='lat' dir='ltr'>effin-</span> 
     </span>
     <span class='ocr_line' id='line_1_30' title="bbox 199 2242 1628 2287; baseline 0.001 -13"><span class='ocrx_word' id='word_1_244' title='bbox 199 2242 306 2287; x_wconf 82' lang='lat' dir='ltr'>gendi</span> <span class='ocrx_word' id='word_1_245' title='bbox 335 2243 428 2277; x_wconf 76' lang='lat' dir='ltr'>iuxta</span> <span class='ocrx_word' id='word_1_246' title='bbox 458 2252 683 2287; x_wconf 85' lang='lat' dir='ltr'>perspectam</span> <span class='ocrx_word' id='word_1_247' title='bbox 705 2242 919 2278; x_wconf 85' lang='lat' dir='ltr'>Conditoris</span> <span class='ocrx_word' id='word_1_248' title='bbox 947 2242 999 2276; x_wconf 87' lang='lat' dir='ltr'>sui</span> <span class='ocrx_word' id='word_1_249' title='bbox 1029 2243 1147 2277; x_wconf 85' lang='lat' dir='ltr'>ideam</span> <span class='ocrx_word' id='word_1_250' title='bbox 1177 2254 1238 2276; x_wconf 87' lang='lat' dir='ltr'>seu</span> <span class='ocrx_word' id='word_1_251' title='bbox 1273 2253 1440 2276; x_wconf 84' lang='lat' dir='ltr'>normam</span> <span class='ocrx_word' id='word_1_252' title='bbox 1468 2242 1509 2285; x_wconf 93' lang='lat' dir='ltr'>(i.</span> <span class='ocrx_word' id='word_1_253' title='bbox 1536 2253 1566 2276; x_wconf 90' lang='lat' dir='ltr'>e.</span> <span class='ocrx_word' id='word_1_254' title='bbox 1591 2252 1628 2276; x_wconf 85' lang='lat' dir='ltr'>se</span> 
     </span>
     <span class='ocr_line' id='line_1_31' title="bbox 199 2300 1628 2348; baseline 0.002 -15"><span class='ocrx_word' id='word_1_255' title='bbox 199 2300 369 2335; x_wconf 79' lang='lat' dir='ltr'>reddendi</span> <span class='ocrx_word' id='word_1_256' title='bbox 400 2302 514 2336; x_wconf 77' lang='lat' dir='ltr'>virum</span> <span class='ocrx_word' id='word_1_257' title='bbox 536 2302 762 2347; x_wconf 82' lang='lat' dir='ltr'>prudentem,</span> <span class='ocrx_word' id='word_1_258' title='bbox 783 2302 934 2345; x_wconf 87' lang='lat' dir='ltr'>iustum,</span> <span class='ocrx_word' id='word_1_259' title='bbox 953 2311 1231 2348; x_wconf 83' lang='lat' dir='ltr'>temperantem,</span> <span class='ocrx_word' id='word_1_260' title='bbox 1252 2300 1413 2346; x_wconf 89' lang='lat' dir='ltr'>fortem).</span> <span class='ocrx_word' id='word_1_261' title='bbox 1433 2303 1480 2338; x_wconf 79' lang='lat' dir='ltr'>Ea</span> <span class='ocrx_word' id='word_1_262' title='bbox 1506 2310 1628 2337; x_wconf 87' lang='lat' dir='ltr'>tamen</span> 
     </span>
     <span class='ocr_line' id='line_1_32' title="bbox 200 2361 1628 2409; baseline 0.001 -14"><span class='ocrx_word' id='word_1_263' title='bbox 200 2361 374 2405; x_wconf 79' lang='lat' dir='ltr'>obligatio</span> <span class='ocrx_word' id='word_1_264' title='bbox 403 2372 457 2397; x_wconf 89' lang='lat' dir='ltr'>est</span> <span class='ocrx_word' id='word_1_265' title='bbox 483 2364 681 2398; x_wconf 73' lang='lat' dir='ltr'>necessitas</span> <span class='ocrx_word' id='word_1_266' title='bbox 711 2363 871 2396; x_wconf 75' lang='lat' dir='ltr'>moralis:</span> <span class='ocrx_word' id='word_1_267' title='bbox 898 2371 1017 2409; x_wconf 86' lang='lat' dir='ltr'>potest</span> <span class='ocrx_word' id='word_1_268' title='bbox 1045 2373 1132 2409; x_wconf 89' lang='lat' dir='ltr'>ergo</span> <span class='ocrx_word' id='word_1_269' title='bbox 1159 2361 1290 2404; x_wconf 83' lang='lat' dir='ltr'>libero,</span> <span class='ocrx_word' id='word_1_270' title='bbox 1319 2372 1389 2408; x_wconf 76' lang='lat' dir='ltr'>qno</span> <span class='ocrx_word' id='word_1_271' title='bbox 1417 2361 1544 2407; x_wconf 85' lang='lat' dir='ltr'>pollet,</span> <span class='ocrx_word' id='word_1_272' title='bbox 1570 2373 1628 2396; x_wconf 89' lang='lat' dir='ltr'>ar-</span> 
     </span>
     <span class='ocr_line' id='line_1_33' title="bbox 200 2421 1627 2458; baseline -0.001 -2"><span class='ocrx_word' id='word_1_273' title='bbox 200 2422 307 2457; x_wconf 82' lang='lat' dir='ltr'>bitrio</span> <span class='ocrx_word' id='word_1_274' title='bbox 334 2422 448 2457; x_wconf 88' lang='lat' dir='ltr'>homo</span> <span class='ocrx_word' id='word_1_275' title='bbox 477 2424 574 2457; x_wconf 86' lang='lat' dir='ltr'>abuti</span> <span class='ocrx_word' id='word_1_276' title='bbox 603 2433 635 2458; x_wconf 90' lang='lat' dir='ltr'>et</span> <span class='ocrx_word' id='word_1_277' title='bbox 664 2422 827 2457; x_wconf 84' lang='lat' dir='ltr'>informis</span> <span class='ocrx_word' id='word_1_278' title='bbox 855 2423 975 2458; x_wconf 87' lang='lat' dir='ltr'>moles</span> <span class='ocrx_word' id='word_1_279' title='bbox 1002 2433 1188 2457; x_wconf 84' lang='lat' dir='ltr'>remanere</span> <span class='ocrx_word' id='word_1_280' title='bbox 1215 2431 1275 2457; x_wconf 86' lang='lat' dir='ltr'>aut</span> <span class='ocrx_word' id='word_1_281' title='bbox 1310 2422 1417 2457; x_wconf 85' lang='lat' dir='ltr'>etiam</span> <span class='ocrx_word' id='word_1_282' title='bbox 1446 2421 1480 2455; x_wconf 90' lang='lat' dir='ltr'>in</span> <span class='ocrx_word' id='word_1_283' title='bbox 1520 2421 1627 2456; x_wconf 81' lang='lat' dir='ltr'>vilem</span> 
     </span>
     <span class='ocr_line' id='line_1_34' title="bbox 199 2480 1628 2529; baseline 0.001 -14"><span class='ocrx_word' id='word_1_284' title='bbox 199 2482 482 2528; x_wconf 83' lang='lat' dir='ltr'>despectamque</span> <span class='ocrx_word' id='word_1_285' title='bbox 511 2492 668 2518; x_wconf 80' lang='lat' dir='ltr'>statuam</span> <span class='ocrx_word' id='word_1_286' title='bbox 698 2494 735 2517; x_wconf 90' lang='lat' dir='ltr'>se</span> <span class='ocrx_word' id='word_1_287' title='bbox 763 2494 998 2529; x_wconf 84' lang='lat' dir='ltr'>componere.</span> <span class='ocrx_word' id='word_1_288' title='bbox 1028 2482 1137 2525; x_wconf 86' lang='lat' dir='ltr'>Quod</span> <span class='ocrx_word' id='word_1_289' title='bbox 1164 2481 1192 2516; x_wconf 87' lang='lat' dir='ltr'>si</span> <span class='ocrx_word' id='word_1_290' title='bbox 1227 2481 1346 2524; x_wconf 65' lang='lat' dir='ltr'>faciat,</span> <span class='ocrx_word' id='word_1_291' title='bbox 1373 2492 1390 2515; x_wconf 91' lang='lat' dir='ltr'>a</span> <span class='ocrx_word' id='word_1_292' title='bbox 1417 2480 1628 2521; x_wconf 76' lang='lat' dir='ltr'>Conditore,</span> 
     </span>
    </p>
   </div>
   <div class='ocr_carea' id='block_1_4' title="bbox 201 2542 1629 2638">
    <p class='ocr_par' dir='ltr' id='par_1_6' title="bbox 201 2542 1629 2638">
     <span class='ocr_line' id='line_1_35' title="bbox 201 2542 1629 2591; baseline -0.001 -13"><span class='ocrx_word' id='word_1_293' title='bbox 201 2544 302 2578; x_wconf 88' lang='lat' dir='ltr'>cuius</span> <span class='ocrx_word' id='word_1_294' title='bbox 329 2544 568 2578; x_wconf 83' lang='lat' dir='ltr'>intentionem</span> <span class='ocrx_word' id='word_1_295' title='bbox 597 2543 901 2591; x_wconf 77' lang='lat' dir='ltr'>voluntatemque</span> <span class='ocrx_word' id='word_1_296' title='bbox 928 2544 1073 2589; x_wconf 83' lang='lat' dir='ltr'>sprevit,</span> <span class='ocrx_word' id='word_1_297' title='bbox 1099 2542 1309 2588; x_wconf 82' lang='lat' dir='ltr'>proiicietur</span> <span class='ocrx_word' id='word_1_298' title='bbox 1336 2542 1466 2577; x_wconf 80' lang='lat' dir='ltr'>merito</span> <span class='ocrx_word' id='word_1_299' title='bbox 1492 2552 1534 2576; x_wconf 83' lang='lat' dir='ltr'>ac</span> <span class='ocrx_word' id='word_1_300' title='bbox 1559 2552 1629 2588; x_wconf 88' lang='lat' dir='ltr'>pu-</span> 
     </span>
     <span class='ocr_line' id='line_1_36' title="bbox 203 2612 335 2638; baseline 0 0"><span class='ocrx_word' id='word_1_301' title='bbox 203 2612 335 2638; x_wconf 81' lang='lat' dir='ltr'>nietur.</span> 
     </span>
    </p>
   </div>
  </div>
 </body>
</html>
