1737 2802
749 123 802 129 -
839 100 1015 154 295-

164 193 402 245 exercendi‚
436 191 560 249 quale
594 209 628 236 e.
664 208 704 250 g.
741 204 803 235 est
838 193 905 236 ius
939 206 1163 250 parentum
1212 194 1263 238 ad
1304 194 1436 253 prolis
1484 196 1597 240 edu-

166 267 381 308 cationem
417 266 493 320 (1·.

283 337 484 379 Iamvero
510 335 684 379 moralis
709 335 776 379 illa
801 349 1009 394 potestas,
1035 336 1087 380 de
1120 353 1204 395 qua
1231 339 1366 383 modo
1390 339 1597 397 diximus,

164 409 196 450 si
233 408 480 465 praesertim
517 407 569 450 de
618 406 744 450 rebus
789 406 1009 465 stabilibus
1059 420 1225 465 agatur,
1258 421 1322 452 est
1365 411 1431 453 ius
1479 409 1598 454 liberi

163 481 365 533 exercitii,
401 481 521 522 cuius
557 480 770 522 nimirum
804 481 900 522 usui
931 493 1114 537 possunt
1149 480 1596 538 singuli-renuntiare.

168 553 335 596 Natura
369 553 484 595 enim
519 567 595 594 seu
629 550 832 594 naturalis
866 551 932 594 lex
965 552 1172 609 approbat
1208 568 1309 596 sane
1340 569 1387 596 ac
1420 568 1598 611 prorsus

168 625 363 685 concedit
396 623 616 679 omnibus,
653 637 698 666 ut
733 623 876 667 debito
912 624 1046 668 modo
1071 640 1137 668 res
1161 626 1288 668 etiam
1323 625 1494 669 stabiles
1519 626 1596 670 sibi

165 697 362 754 proprias
410 695 610 753 efficiant,
654 711 742 739 non
791 708 935 738 autem
984 696 1026 738 id
1076 696 1280 740 omnibus
1330 711 1371 741 et
1417 697 1598 756 singulis

168 768 352 811 mandat.
390 767 530 811 Simili
566 767 702 811 modo
737 768 919 825 singulis
968 768 1144 825 quidem
1196 768 1292 812 facit
1339 782 1598 827 potestatem

166 839 344 884 ineundi
380 840 649 896 coniugium,
673 855 761 882 non
786 853 929 882 tamen
964 839 1006 882 id
1030 840 1212 897 singulis
1237 842 1456 900 praecipit:
1487 841 1599 885 unde

166 924 309 970 potest
330 912 426 969 quis
446 911 661 968 coniugali
681 912 792 955 vitae
813 911 1016 955 caelibem
1037 912 1248 969 praeferre
1268 915 1342 971 (2).
1359 940 1410 946 -
1427 915 1598 957 Etenim

161 983 213 1026 ad
238 998 387 1041 pacem
414 996 455 1025 et
479 984 810 1041 prosperitatem
845 983 1056 1027 humanae
1073 985 1200 1039 vitae,
1221 984 1272 1028 ad
1291 1001 1422 1043 quam
1442 984 1599 1029 divisio

162 1071 307 1099 rerum
345 1057 455 1098 inter
499 1056 618 1113 ipsos
668 1056 858 1113 privatos
903 1069 967 1099 est
1000 1056 1065 1112 (ut
1097 1056 1306 1099 vidimus)
1340 1058 1596 1110 necessaria,

163 1128 247 1171 hoc
281 1143 381 1170 sane
415 1126 592 1183 sufficit,
615 1126 733 1185 quod
768 1126 894 1169 multi
920 1127 1114 1171 dominia
1148 1129 1308 1186 privata
1332 1145 1477 1172 rerum
1511 1141 1600 1172 sta-

160 1200 314 1243 bilium
349 1200 546 1244 habeant:
583 1200 701 1259 quod
735 1200 915 1244 habeant
949 1216 1103 1244 omnes
1138 1214 1178 1244 et
1211 1201 1386 1259 singuli,
1421 1200 1465 1245 id
1513 1217 1599 1246 non

160 1284 224 1315 est
259 1271 479 1329 possibile,
513 1287 589 1314 nec
624 1273 657 1315 si
693 1271 898 1330 possibile
932 1285 1060 1324 esset,
1097 1273 1329 1331 expediens
1361 1272 1475 1316 foret
1518 1274 1598 1331 ipsi

161 1344 372 1386 humanae
405 1344 534 1386 vitae.
636 1340 639 1342 ’

284 1423 502 1475 Quamvis
539 1434 681 1464 antem
717 1433 866 1464 natura
900 1436 989 1464 non
1026 1422 1222 1478 imponat
1256 1419 1439 1477 singulis
1483 1419 1598 1463 obli-

160 1495 386 1551 gationem
420 1493 646 1537 exercendi
684 1493 766 1535 hoc
800 1494 881 1548 ius,
916 1492 1034 1550 quod
1069 1491 1234 1536 confert
1267 1491 1318 1535 ad
1352 1507 1419 1534 res
1469 1492 1598 1534 etiam

160 1565 332 1609 stabiles
381 1565 676 1623 acquirendas3
713 1578 858 1607 tamen
906 1566 970 1607 ius
1020 1564 1104 1607 hoc
1137 1581 1158 1607 a
1191 1576 1341 1607 natura
1392 1562 1598 1606 collatum

160 1654 332 1694 semper
366 1637 544 1695 plurimi
579 1652 726 1694 reapse
760 1649 1045 1679 exercuerunt
1069 1649 1109 1678 et
1137 1651 1309 1693 semper
1342 1634 1600 1678 exercebunt

159 1708 308 1766 (idque
343 1709 397 1751 ob
432 1708 618 1751 validam
654 1708 785 1764 illam,
820 1709 870 1750 de
906 1723 989 1765 qua
1024 1707 1232 1762 diximus,
1269 1721 1443 1751 naturae
1477 1706 1601 1750 incli-

158 1783 382 1824 nationem
407 1797 453 1823 ac
479 1782 728 1833 maximam,
748 1796 855 1838 quae
879 1797 930 1823 ex
954 1781 1152 1824 dominio
1178 1782 1344 1838 privato
1369 1780 1600 1836 enascitur,

159 1852 523 1908 delectationem),
547 1865 587 1895 et
610 1853 672 1894 sic
709 1867 951 1909 numquam
975 1853 1176 1895 anteactis
1211 1852 1480 1908 temporibus
1508 1866 1596 1894 non

159 1926 314 1978 extitit,
348 1927 541 1982 itemque
565 1939 806 1981 numquam
842 1924 884 1965 in
910 1936 1134 1980 posterum
1160 1938 1247 1967 non
1274 1924 1426 1966 existet
1452 1938 1596 1965 rerum

255 2156 308 2200 (1)
337 2154 391 2190 Cf.
419 2166 538 2200 super.
565 2155 656 2192 thes.
684 2156 727 2189 II.
755 2167 834 2202 pag.
864 2166 917 2200 35.
951 2176 989 2180 —-
1019 2155 1112 2190 Aliis
1139 2155 1268 2196 verbis,
1297 2153 1436 2200 aliquid
1463 2154 1498 2187 in
1518 2163 1600 2187 mo-

160 2215 224 2249 rali
251 2216 379 2250 ordine
405 2224 524 2262 potest
551 2227 570 2249 a
590 2224 715 2250 natura
743 2227 805 2250 seu
832 2214 987 2250 naturali
1007 2214 1088 2261 lege
1117 2215 1305 2249 dimanare
1331 2213 1533 2259 tripliciter:
1556 2232 1598 2238 —-

159 2284 196 2309 ut
223 2286 364 2309 merum
397 2275 453 2309 ius
495 2275 637 2309 homini
678 2286 894 2310 concessum
921 2295 967 2300 —
993 2284 1031 2310 ut
1057 2275 1212 2321 simplex
1251 2274 1415 2309 officium
1454 2272 1599 2307 homini

159 2335 372 2380 impositum
398 2356 446 2361 —
473 2344 510 2370 ut
538 2335 591 2368 ius
619 2334 725 2369 simul
752 2344 788 2369 et
814 2334 989 2369 officium.

259 2394 314 2438 (2)
343 2394 418 2428 Hac
445 2394 489 2428 de
516 2405 553 2428 re
581 2392 644 2428 cfr.
672 2405 700 2428 s.
728 2394 930 2437 Thomam,
955 2393 1137 2439 supplem.
1163 2405 1196 2440 q.
1216 2403 1271 2435 41.
1298 2404 1329 2427 a.
1351 2402 1381 2427 2.
1401 2389 1591 2437 Perpende

162 2452 340 2486 rationem
370 2465 387 2486 a
424 2465 451 2487 s.
478 2454 642 2488 Doctore
681 2453 829 2487 allatam
868 2453 913 2487 ad
951 2452 1294 2494 demonstrandum,
1319 2450 1596 2486 matrimonium

161 2522 224 2556 pro
250 2513 402 2556 singulis
429 2523 503 2546 non
531 2513 659 2548 cadere
684 2515 749 2547 sub
777 2521 983 2559 praecepto,
1011 2523 1165 2559 eamque
1191 2520 1340 2546 nostrae
1369 2510 1453 2544 huic
1481 2520 1595 2555 quae-

156 2571 268 2605 stioni
298 2573 362 2607 rite
389 2572 544 2618 applica.
