1737 2802
123 207 352 264 proximae:
394 221 482 249 non
530 206 646 250 enirn
689 219 753 249 est
799 207 915 260 satis,
950 218 996 250 ut
1043 208 1221 249 assertio
1270 208 1482 264 sit-vera,
1517 208 1553 250 si

129 278 228 322 alias
262 279 316 321 sit
348 278 502 321 iniusta
534 277 599 321 vel
632 277 875 334 inhonesta,
907 290 954 321 ut
986 277 1098 321 licite
1131 280 1267 335 possit
1305 281 1551 323 iuramento

129 349 430 395 confirmari.»
471 350 543 394 Sic
575 366 610 393 e.
646 366 685 407 g.
720 351 793 408 qui
828 349 987 393 factum
1021 349 1255 404 occultum,
1290 352 1418 395 etiam
1465 351 1552 395 ho-

126 437 314 476 nestum,
349 424 549 481 proximi,
583 423 701 481 quod
734 422 811 466 sub
844 436 1007 466 secreto
1040 438 1208 466 servare
1255 436 1441 478 tenetur,
1479 441 1549 468 rc-

125 495 247 550 velat,
282 511 489 554 suamque
523 496 804 538 assertionem
838 496 1078 538 iuramento
1114 494 1351 549 confirmat,
1386 497 1419 538 is
1461 495 1548 539 illi-

127 568 208 611 cite
241 569 376 610 utitur
409 568 667 610 iuramento,
702 568 828 611 Ratio
861 579 1004 610 autem
1039 579 1118 622 est,
1154 568 1254 625 quia
1288 580 1434 611 contra
1481 584 1551 611 re-

129 642 362 684 verentiam
395 640 604 683 divinitati
637 638 820 682 debitam
854 640 939 696 agit
973 639 1053 693 ille,
1088 641 1159 697 qui
1193 640 1362 684 invocat
1395 641 1542 684 Deum

125 714 167 756 in
200 725 352 756 testem
389 712 439 756 ad
473 711 809 756 confirmandam
858 712 1141 755 assertionem
1190 713 1398 771 iniquam,
1432 729 1546 771 quo-

126 800 310 842 cumque
343 783 477 827 modo
512 786 655 842 iniqua
688 785 759 837 sit,
794 796 834 827 et
869 783 920 827 de
953 799 1223 842 quacumque
1259 786 1434 828 materia
1477 786 1544 829 sit.

242 857 341 899 Dixi
378 856 460 915 2⁰.)
493 856 610 915 quod
643 869 728 900 tres
762 856 804 899 hi
839 857 1020 899 comites
1064 855 1294 900 sufficiunt.
1329 882 1386 890 —
1420 857 1546 902 Ratio

122 944 225 972 vero
273 942 350 986 est,
398 930 496 987 quia
539 930 829 972 iuramentum
878 929 928 972 iis
979 928 1299 972 conditionibus
1349 930 1548 986 veritatis,

123 1000 264 1044 iudicii
295 1015 335 1044 et
367 1002 544 1044 institiae
576 1001 773 1045 affectum
808 1016 894 1044 non
931 1001 1070 1058 habet,
1105 1001 1218 1044 unde
1266 1003 1404 1060 possit
1453 1017 1546 1046 esse

120 1071 328 1116 illicitum.
387 1074 667 1132 «Loquimur
713 1074 828 1116 enim
856 1082 929 1131 per
960 1089 998 1117 se
1031 1085 1071 1117 et
1115 1075 1226 1116 intra
1273 1073 1543 1117 latitudinem

120 1144 340 1202 religionis
375 1157 415 1188 et
448 1161 498 1188 ex
530 1147 570 1188 vi
604 1146 697 1188 talis
731 1157 862 1188 actus.
897 1146 1012 1190 Nam
1048 1161 1122 1204 per
1161 1146 1354 1190 accidens
1405 1159 1446 1190 et
1494 1162 1545 1190 ex

119 1229 236 1275 parte
270 1218 484 1274 operantis
517 1216 583 1260 vel
617 1234 666 1260 ex
699 1217 952 1275 specialibus
992 1218 1320 1261 circumstantiis
1355 1219 1437 1261 loci
1473 1231 1543 1262 aut

115 1291 324 1347 temporis
359 1291 517 1348 poterit
549 1289 722 1346 adiungi
756 1289 914 1332 malitia
956 1302 996 1332 et
1034 1304 1186 1347 pravae
1219 1291 1470 1333 intentionis
1494 1302 1538 1333 et

117 1362 302 1407 scandali
336 1374 407 1405 aut
439 1362 613 1405 similes.
642 1361 725 1405 Sed
758 1362 866 1418 haec,
889 1377 992 1420 qnae
1025 1373 1121 1405 sunt
1150 1370 1221 1420 per
1242 1362 1435 1420 accidens,
1458 1377 1539 1406 non

115 1435 269 1480 cadunt
300 1435 373 1478 suh
405 1436 632 1495 scientiam,
667 1435 862 1492 quamvis
902 1435 1068 1492 possint
1117 1434 1219 1477 haec
1268 1435 1414 1478 omnia
1463 1434 1541 1478 sub

116 1506 265 1550 iudicio
315 1505 675 1564 comprehendi.»
730 1506 805 1563 Ita,
839 1518 879 1548 et
926 1507 1099 1563 egregie
1148 1505 1341 1564 quidem,
1389 1520 1537 1550 noster

117 1579 345 1623 Suaresius
379 1578 464 1637 (1).

234 1652 381 1709 Itaque
404 1651 712 1706 iuramentum,
729 1649 899 1707 quando
918 1648 1054 1693 tribus
1073 1614 1189 1693 hisce
1208 1649 1438 1694 comitibus
1460 1651 1539 1693 cir-

112 1722 361 1767 cumdatum
395 1722 603 1780 plocedit,
625 1734 704 1779 est,
727 1734 773 1764 ut
801 1722 892 1779 ipse
915 1721 1208 1781 Philosophus
1231 1723 1287 1766 ait
1321 1722 1407 1782 (2),
1434 1722 1538 1781 quid

113 1793 555 1838 honorabilissimum:
590 1791 720 1854 ὅρκος
750 1789 798 1835 τὸ
831 1792 1100 1851 τιμιώτατόν
1150 1792 1280 1839 ἐστιν.
1330 1795 1540 1838 Honora-

111 1864 372 1909 bilissimum
405 1864 579 1923 quidem
613 1878 691 1919 est,
725 1865 966 1922 protestari,
999 1866 1142 1909 Deum
1178 1867 1325 1909 onmia
1363 1867 1533 1921 intueri,

113 1950 153 1981 et
179 1953 270 1981 esse
295 1938 480 1980 maxime
502 1935 690 1992 fidelem,
716 1952 926 1994 veracem,
949 1938 1225 1996 veritatisque
1248 1937 1538 1984 defensorem.

112 2011 168 2054 At
200 2010 244 2053 in
277 2010 360 2053 Dei
394 2008 578 2052 dedecus
614 2008 722 2052 cedit
770 2009 1074 2063 iuramentum,
1107 2010 1141 2052 si
1181 2025 1264 2067 qua
1307 2026 1358 2053 ex
1401 2009 1535 2054 tribus

208 2266 257 2309 (ι)
283 2267 338 2300 De
365 2267 491 2301 iuram.
510 2266 534 2301 1.
556 2266 582 2300 Ι.
609 2278 639 2301 c.
660 2277 690 2312 3.
718 2278 816 2301 num.
843 2276 875 2312 9.
891 2286 934 2291 -—
951 2267 988 2301 E.
1007 2279 1042 2313 g.
1070 2278 1151 2301 cum
1179 2267 1295 2302 iurare
1315 2279 1378 2314 per
1399 2279 1536 2304 creatu-

109 2337 184 2360 ram
213 2325 361 2359 absolute
385 2335 420 2360 et
444 2324 622 2360 secundum
648 2337 686 2361 se
711 2335 910 2371 spectatam
930 2327 974 2361 sit
1000 2327 1217 2371 idololatria,
1238 2328 1264 2362 si
1293 2329 1534 2365 iuramentum

108 2384 258 2419 absolute
284 2385 357 2425 fiat,
384 2393 419 2419 et
446 2384 506 2419 fiat
533 2385 621 2420 inter
650 2397 703 2419 eos
729 2387 785 2432 qui
809 2397 875 2420 non
901 2387 981 2421 satis
1005 2386 1121 2421 valent
1139 2386 1325 2423 discernere
1351 2399 1413 2435 qno
1439 2399 1534 2423 sensu

92 2441 179 2489 fiat,
204 2442 309 2478 facile
335 2452 454 2490 potest
480 2443 523 2478 iis
549 2444 760 2479 scandalum
787 2445 960 2491 praebet-i,
987 2455 1020 2480 et
1046 2445 1128 2481 ideo
1156 2446 1191 2480 in
1226 2446 1297 2482 hoc
1323 2448 1531 2482 cautionem

106 2503 276 2538 adhibere
302 2515 447 2539 necesse
474 2513 538 2539 est.
566 2504 625 2540 Cf.
653 2504 822 2539 eumdem
857 2514 1043 2540 auctorem
1070 2505 1089 2541 l.
1118 2517 1148 2541 c.
1176 2517 1206 2542 c.
1239 2515 1270 2550 5.
1299 2518 1400 2543 num.
1427 2517 1459 2552 7.

202 2575 260 2621 (2)
287 2574 447 2622 Metaph.
472 2575 496 2611 1.
526 2585 558 2621 3.
