1737 2802
675 84 732 97 ··-
765 72 848 115 239
881 84 939 90 ’-

89 158 268 213 videtur
313 172 421 211 esse,
454 156 572 214 quod
606 156 647 198 in
680 156 822 214 primo
856 170 969 208 casu,
1003 153 1075 211 qui
1108 152 1198 196 vult
1242 167 1412 195 causam
1447 167 1520 195 ne-

99 229 345 284 cessariam,
377 226 548 271 videtur
578 226 684 270 velle
738 225 936 270 effectum
971 225 1130 282 ipsum,
1165 239 1262 266 cum
1296 239 1419 266 causa
1452 237 1524 267 na-

92 300 246 346 turalis
279 312 319 343 et
352 299 589 343 necessaria
621 298 904 341 determinata
936 297 991 340 sit
1026 313 1076 340 ex
1109 311 1153 339 se
1188 307 1228 338 et
1263 311 1349 338 non
1374 309 1525 352 opere-

92 385 168 418 tur
199 387 298 416 cum
351 370 648 415 indifferentia:
682 385 813 428 quare
865 382 966 412 tunc
1000 368 1137 412 homo
1171 366 1343 410 videtur
1376 379 1524 410 auctor

96 459 190 488 esse
236 459 336 486 suae
388 444 555 500 mortis,
589 458 687 486 cum
721 441 821 485 velit
854 457 948 485 eam
983 439 1331 498 complexionem
1368 454 1520 482 causa-

98 533 211 575 rum,
243 533 295 560 ex
327 532 408 575 qua
455 516 698 559 necessario
733 530 850 558 mors
885 514 1037 570 oritur,
1070 512 1136 556 vel
1169 524 1281 563 certe
1313 527 1400 555 non
1431 510 1524 554 vult

94 588 213 633 illam
247 587 469 646 impedire,
494 603 592 631 curn
628 585 749 629 facile
783 586 932 643 possit.
973 585 1019 627 In
1045 583 1233 628 secundo
1258 596 1400 626 autem
1425 598 1522 626 casu

99 676 199 705 cum
234 661 483 703 interveniat
515 674 639 702 causa
661 658 806 714 libera,
829 673 878 699 ex
903 672 984 714 qua
1009 656 1309 712 contingenter
1331 655 1524 712 sequitur

98 731 288 789 effectus,
321 747 407 776 non
458 744 519 774 est
573 745 764 785 necesse,
800 728 916 786 quod
949 727 1049 770 velit
1082 726 1296 782 effectum,
1331 727 1404 784 qui
1435 741 1524 770 non

98 802 209 861 fugit
243 803 356 845 illam
402 817 588 855 causam,
623 800 697 844 sed
751 800 891 843 solum
943 800 1194 858 permissive
1227 815 1271 842 se
1303 798 1428 841 habet
1460 814 1522 841 re-

97 887 246 933 spectu
281 873 412 929 illius,
449 874 557 916 sicut
592 874 710 916 Deus
755 884 951 930 respectu
987 872 1160 929 peccati,
1195 871 1312 928 quod
1351 871 1522 914 indiffe-

95 958 237 990 renter
291 958 331 989 et
384 944 512 988 libere
567 943 759 1002 procedit
791 960 842 986 ex
874 942 1094 986 voluntate
1129 954 1264 986 creata
1296 943 1339 984 in
1371 941 1522 985 talibus

97 1017 447 1061 circumstantiis,
484 1016 610 1060 Unde
644 1015 779 1059 homo
833 1028 934 1058 tunc
982 1030 1068 1058 non
1124 1027 1187 1057 est
1220 1027 1369 1057 auctor
1421 1029 1523 1057 suae

95 1091 266 1148 mortis,
298 1088 371 1132 sed
406 1088 473 1132 ille
497 1089 618 1145 alitis,
655 1088 726 1146 qui
762 1087 892 1130 libere
926 1086 1040 1129 illam
1074 1085 1164 1129 vult
1189 1098 1229 1129 et
1264 1098 1478 1143 procurat,
1503 1101 1524 1128 a

97 1177 189 1221 quo
223 1160 291 1204 hic
325 1160 430 1203 alius
465 1161 638 1218 proprie
673 1158 883 1202 occiditur
915 1174 1002 1202 non
1037 1175 1057 1201 a
1091 1159 1247 1216 seipso.
1282 1174 1301 1197 »

103 1232 108 1235 ⁵
216 1233 402 1290 Scilicet,
421 1232 594 1275 effectus
630 1232 767 1275 malus
802 1231 892 1284 (bac
922 1233 963 1274 in
998 1231 1265 1288 quaestione,
1292 1244 1399 1271 mors
1427 1237 1521 1286 pro-

88 1306 312 1365 prial‚qui
347 1321 397 1348 ex
430 1306 594 1347 actione
631 1305 923 1362 consequitur,
959 1318 1046 1346 non
1079 1318 1251 1360 semper
1285 1314 1347 1344 est
1382 1302 1524 1358 impu-

93 1376 230 1421 tabilis
279 1376 352 1429 illi,
389 1377 460 1434 qui
505 1376 719 1418 actionem
771 1391 843 1417 seu
882 1389 1051 1417 causam
1103 1374 1262 1431 posuit,
1298 1372 1372 1415 sed
1420 1384 1522 1414 tunc

91 1447 418 1502 tantummodo,
446 1447 617 1506 quando
653 1458 794 1504 potest
828 1461 872 1488 ac
907 1444 1029 1488 debet
1064 1445 1225 1488 censeri
1261 1443 1526 1486 voluntarius

94 1529 133 1564 et
166 1520 263 1564 liber
296 1521 437 1563 saltem
472 1522 512 1562 in
546 1519 627 1561 alio
662 1534 735 1561 seu
771 1519 811 1560 in
845 1532 983 1560 causa:
1016 1517 1049 1558 si
1077 1516 1238 1558 censeri
1274 1526 1415 1572 potest
1434 1522 1524 1572 per-

95 1593 238 1636 missus
285 1591 355 1650 (ut
387 1593 427 1634 in
463 1591 686 1649 exemplis,
723 1606 830 1648 quae
864 1590 912 1633 ab
948 1590 1070 1632 initio
1106 1587 1403 1644 afferebamus,
1441 1587 1524 1630 mi-

94 1663 177 1708 litis
200 1677 239 1707 et
263 1663 493 1714 sacerdotis,
520 1663 697 1721 aliisque
722 1661 914 1719 pluribus
940 1662 981 1703 in
1007 1659 1170 1703 casibus
1194 1659 1340 1702 locum
1366 1658 1525 1715 habet),

93 1751 184 1779 non
217 1747 283 1778 est
317 1736 454 1791 agenti
490 1734 756 1791 imputabilis
792 1735 871 1790 (Ι).

217 1807 338 1849 Hanc
370 1805 526 1848 thesim
562 1806 618 1848 ita
651 1821 748 1847 cum
776 1820 807 1847 s.
834 1804 1079 1860 Augustino
1104 1801 1171 1861 (2)
1196 1801 1525 1845 concludimus:

98 1895 124 1918 «
148 1879 245 1921 Hoc
279 1878 478 1935 dicimus,
513 1877 595 1920 hoc
629 1878 874 1929 asserimus,
910 1875 990 1917 hoc
1025 1874 1168 1917 modis
1209 1873 1408 1916 omnibus
1448 1889 1525 1930 ap-

98 1948 347 2009 probamus,
381 1949 599 1992 neminem
634 1961 914 2005 spontaneam
950 1958 1137 1989 mortem
1172 1945 1250 1988 sibi
1276 1944 1432 1988 inferre
1455 1944 1526 1988 de-

95 2023 210 2079 bere,
243 2021 360 2065 velut
392 2020 602 2079 fugiendo
636 2019 854 2063 molestias
889 2019 1164 2076 temporales,
1197 2033 1249 2060 ne
1294 2016 1449 2060 incidat
1483 2017 1525 2059 in

97 2107 336 2153 perpetuas:
372 2095 590 2137 neminem
627 2104 800 2150 propter
833 2091 964 2134 aliena
999 2102 1181 2147 peccata,
1215 2104 1266 2131 ne
1301 2087 1384 2130 hoc
1435 2089 1527 2145 ipse

97 2167 270 2224 incipiat
320 2165 471 2209 habere
525 2164 829 2222 gravissimum
864 2163 1106 2220 proprium,
1142 2175 1269 2218 quem
1303 2175 1391 2202 non
1426 2159 1525 2216 pol-

192 2377 249 2422 (ι)
279 2375 335 2412 Cf.
362 2388 413 2419 ea,
441 2388 530 2422 quae
558 2375 600 2410 de
626 2375 833 2410 voluntario
863 2376 895 2407 in
922 2385 952 2408 se
973 2383 1006 2408 et
1033 2373 1239 2408 voluntario
1268 2372 1303 2405 iu
1329 2381 1441 2412 rausa,
1469 2368 1528 2403 de-

99 2448 168 2484 que
191 2437 391 2483 permissi'vo
419 2436 574 2470 diximus
599 2446 716 2481 super.
744 2435 816 2469 vol.
850 2445 875 2468 1.
903 2434 981 2468 thes
1020 2433 1116 2467 XIII.
1143 2444 1226 2478 pag.
1260 2440 1333 2472 114.
1367 2441 1529 2476 seqq.—

99 2497 193 2532 Item
219 2495 266 2531 cf.
292 2496 363 2531 vol.
413 2507 438 2530 1.
467 2495 556 2530 thes.
584 2495 714 2530 XXVI.
743 2494 785 2529 de
813 2494 1105 2540 imputabilitate,
1135 2492 1346 2538 praesertim
1373 2488 1487 2525 schol.

198 2556 251 2602 (2)
280 2557 335 2591 De
362 2556 430 2591 civ.
458 2556 537 2599 Dei,
564 2555 587 2590 l.
626 2566 654 2592 1.
683 2566 760 2601 cap.
788 2553 840 2589 26.
