1737 2802
58 78 62 81 γ
117 82 122 87 ,
146 69 150 78 .
177 94 195 122 Γ
760 127 810 181 63

66 221 197 266 dendi
229 221 334 265 alios
368 220 416 264 ab
451 238 530 265 usu
563 223 623 265 rei
648 222 788 280 primo
809 232 1053 278 occupttae‚
1074 221 1248 278 regendi
1275 221 1497 280 familiam,

70 293 279 339 educandi
313 293 423 336 filios
459 306 536 336 etc.

189 364 395 422 ObiicieS,
442 365 578 422 ipsun
611 376 803 407 naturam
854 362 1120 415 rationalem,
1173 366 1316 421 potius
1364 381 1492 422 quam

65 436 228 493 legem,
253 451 346 479 esse
369 436 557 493 primum
597 434 768 478 tandem
794 435 1052 492 principium
1099 435 1259 477 inrium
1304 436 1497 494 itemque

69 507 328 551 officiorum.
365 518 422 540 —'-
456 506 733 564 Respondeo,
768 505 1006 549 revocando
1041 507 1084 548 in
1118 519 1309 550 mentem
1344 506 1496 549 distin-

66 579 257 622 ctionem
304 579 501 636 superius
535 577 607 636 (1)
641 577 837 620 traditam
886 577 995 620 inter
1021 578 1272 635 principizmz
1315 579 1419 620 iuris
1454 590 1496 621 et

75 649 268 694 eiusdem
303 648 482 692 titulum.
527 647 761 693 Rationalis
809 661 957 690 natura
990 660 1051 690 est
1085 648 1230 691 titulus
1262 664 1335 692 seu
1371 649 1495 706 ratio,

70 733 248 780 propter
282 735 411 778 quam
445 719 510 762 lex
545 719 643 761 huic
676 719 741 761 vei
774 718 832 761 illi
867 734 1074 776 personae
1109 718 1259 762 tribuit
1291 720 1355 763 ius
1390 735 1494 763 conc.

68 804 132 836 est
159 793 410 849 principium
443 807 517 833 seu
552 789 665 843 sons,
700 806 720 833 e
756 805 842 847 quo
877 790 1018 847 ipsum
1054 789 1117 831 ius
1161 789 1349 833 dimanat
1383 806 1492 848 nego.

67 864 167 907 Hoc
199 864 314 906 enim
349 863 624 920 principium,
645 862 712 904 hic
745 861 840 904 fons
866 874 928 904 est
961 861 1046 918 lex,
1080 876 1186 917 quae
1221 863 1375 904 intuitu
1398 863 1492 920 qni-

66 933 167 977 dem
217 933 326 976 illius
371 932 483 975 tituli
518 933 615 975 huic
648 933 712 975 vel
761 932 817 975 ilii
868 948 1075 990 personae
1110 933 1174 974 ius
1224 933 1402 977 confert.
1437 959 1494 967 —-

68 1004 230 1049 Eadem
266 1019 397 1062 porro
433 1004 654 1047 distinctio
689 1017 751 1047 est
785 1004 835 1047 ad
871 1003 1061 1047 officium
1105 1005 1364 1070 applicanda.
1397 1006 1493 1049 Na—

65 1088 160 1120 tura
193 1075 352 1118 scilicet
386 1075 601 1118 rationalis
623 1089 685 1118 est
706 1077 916 1128 motivum,
941 1089 1116 1134 propter
1138 1076 1255 1134 quod
1278 1076 1494 1133 legislator

71 1148 259 1205 imponit
293 1148 441 1190 ceteris
477 1146 784 1204 obligationem
834 1163 908 1190 seu
943 1147 1133 1191 officium
1172 1147 1394 1191 reverendi
1428 1148 1494 1191 ius

71 1219 195 1262 alicui
229 1217 431 1261 collatum
465 1234 568 1262 conc.
604 1231 750 1262 natura
792 1220 1004 1262 rationalis
1039 1232 1100 1262 est
1126 1221 1377 1278 principium
1420 1236 1494 1263 seu

66 1290 179 1343 fons,
203 1306 224 1333 a
247 1305 333 1347 quo
358 1289 425 1332 illa
450 1290 657 1347 obligatio
692 1305 767 1333 seu
803 1289 995 1333 officium
1031 1291 1134 1334 illud
1168 1291 1362 1349 procedit
1384 1307 1492 1349 nego.

70 1363 168 1406 Hoc
202 1362 317 1404 enim
352 1363 612 1419 principium
648 1375 710 1405 est
744 1362 959 1405 Ordinatio
993 1364 1228 1420 superioris
1263 1379 1336 1406 seu
1374 1363 1440 1406 lex
1474 1368 1495 1406 a

64 1434 287 1490 superiore
320 1432 415 1484 lata,
453 1434 598 1491 utique
646 1434 799 1476 intuitu
836 1434 985 1476 motivi
1021 1433 1148 1488 iilius,
1184 1436 1208 1478 i.
1245 1451 1278 1477 e.
1316 1446 1492 1478 naturae

63 1504 282 1553 rationalis
316 1504 381 1547 vel
416 1503 527 1547 nude
575 1517 799 1562 spectatae,
834 1505 900 1548 vel
934 1521 1015 1547 una
1050 1521 1148 1548 cum
1182 1506 1291 1548 facto
1342 1505 1489 1563 aliquo

68 1576 351 1632 contingenti,
375 1575 492 1633 quod
518 1588 691 1619 naturae
715 1576 882 1619 accedat
906 1575 990 1634 (2).
1018 1603 1069 1608 —
1097 1578 1140 1621 Si
1165 1594 1199 1621 e.
1230 1594 1269 1634 g.
1298 1593 1371 1620 rex
1394 1577 1492 1620 duci

67 1648 276 1690 exercitus
310 1659 407 1704 post
443 1660 611 1705 captum
647 1647 858 1705 oppidum
893 1649 958 1690 ius
983 1647 1173 1691 conferat
1196 1650 1238 1691 in
1263 1647 1381 1702 ilind3
1406 1664 1489 1705 op-

64 1716 152 1776 pidi
177 1719 437 1775 expugnatio
461 1731 524 1761 est
549 1719 721 1776 quidem
758 1719 905 1762 titulus
939 1719 1003 1761 Vel
1040 1720 1165 1773 ratio,
1191 1719 1244 1762 ob
1264 1735 1392 1777 quam
1419 1735 1491 1762 rex

64 1789 161 1833 duci
197 1790 262 1832 ius
296 1789 401 1832 iliud
448 1790 626 1846 confert‚
663 1792 804 1848 ipsum
854 1804 994 1835 tamen
1030 1793 1093 1835 ius
1130 1791 1177 1834 ab
1214 1791 1489 1834 ordinatione

64 1861 178 1917 regis
203 1874 249 1903 ut
276 1878 298 1904 a
319 1875 398 1904 suo
433 1862 643 1919 principio
679 1862 890 1919 procedit,
926 1878 1032 1920 quae
1066 1862 1240 1920 quidem
1275 1861 1489 1905 ordinatio

63 1930 189 1975 debet
221 1948 313 1975 esse
348 1932 624 1989 rationabilis,
659 1949 736 1976 nec
769 1933 862 1976 talis
896 1946 959 1976 est
993 1935 1075 1976 nisi
1116 1935 1281 1976 motivo
1316 1948 1389 1975 seu
1426 1948 1492 1975 ra-

63 2003 181 2046 tione
205 2002 342 2061 aliqua
375 2003 589 2047 fundetur.
615 2005 665 2047 Et
690 2020 788 2048 sane
811 2006 864 2057 si,
891 1997 1052 2062 o'ppido
1075 2006 1201 2048 etiam
1226 2017 1488 2061 expugnato,

168 2263 223 2309 (1)
254 2265 347 2299 Vide
376 2265 493 2300 eamd.
524 2266 614 2300 thes.
641 2266 684 2300 II.
711 2277 790 2312 pag.
821 2276 876 2310 31.

165 2324 216 2369 (2)
244 2323 301 2359 Cf.
329 2336 380 2367 ea,
400 2336 489 2370 quae
521 2325 555 2358 in
585 2327 767 2371 superiore
795 2334 906 2371 parte,
925 2325 996 2360 vol.
1018 2326 1042 2360 I·.
1061 2324 1152 2360 thes.
1171 2325 1282 2360 XLII.
1303 2336 1382 2371 pag.
1407 2333 1494 2367 340„

63 2381 221 2417 diximus
249 2382 292 2417 de
319 2383 553 2418 distinctione
579 2385 672 2419 inter
699 2386 863 2418 motii-um
891 2392 926 2418 et
947 2383 1084 2429 fontem
1113 2384 1356 2430 obligationis,
1377 2382 1420 2417 ad
1439 2395 1493 2417 re-

64 2440 262 2477 fellendam
303 2442 439 2478 scilicet
467 2445 685 2478 sententiam
705 2444 909 2491 aliquorum
928 2443 1251 2486 Scholasticorum,
1272 2442 1492 2477 nominatim

68 2500 269 2546 Vasquesii‚
289 2502 347 2548 qui
368 2511 492 2537 contra
513 2503 804 2537 communiorem
834 2503 1049 2537 sententiam
1069 2511 1240 2544 statuunt,
1258 2511 1419 2537 naturam
1441 2512 1494 2536 ra-

62 2559 240 2594 tionalem
269 2571 347 2595 esse
370 2562 584 2609 principium
611 2561 860 2609 obligationis,
888 2563 1046 2609 itemque
1073 2562 1193 2597 officii.
