1737 2802
5 262 26 284 ν,

8 288 24 324 ἴ

145 201 373 246 utilitatem
397 202 550 246 referat
580 216 708 262 atque
744 219 951 262 exerceat,
983 222 1031 250 ea
1065 206 1267 262 abutitur,
1290 221 1368 249 nec
1400 206 1488 249 iam
1521 220 1586 251 est

143 290 218 318 rex
238 287 309 318 aut
342 276 556 333 superior,
585 275 660 319 sed
684 289 895 333 tyrannus
919 276 1004 336 (1).
1030 294 1087 309 ‘—
1114 277 1284 320 Dicitur
1307 277 1390 336 4⁰.)
1413 278 1585 322 exclusis

141 346 251 390 aliiS.
288 346 415 399 Quae
462 346 589 389 verba
638 360 898 404 potestatem
945 347 1206 405 significant,
1243 363 1351 406 quae
1401 348 1583 392 domino

143 418 367 474 competit,
404 433 492 461 non
528 418 663 462 modo
697 418 748 461 ad
783 419 866 462 hoc
900 435 951 462 ne
986 418 1034 462 ab
1060 419 1150 462 aliis
1184 420 1275 477 ipse
1306 420 1586 477 impediatur,

142 488 222 532 sed
256 490 387 532 etiam
423 490 475 533 ad
509 489 592 533 hoc
616 503 662 533 ut
695 490 800 533 alios
827 489 1032 548 impediat
1059 505 1136 533 seu
1170 489 1393 548 prohibeat
1417 490 1467 534 ab
1502 507 1583 534 usu

142 572 186 603 et
218 559 504 619 dispositione
527 563 588 605 rei
622 562 711 621 (2).
740 564 783 606 Si
815 564 909 620 quis
943 562 1027 605 hoc
1054 574 1191 606 careat
1214 562 1307 605 iure
1331 562 1583 607 excludendi

141 630 250 675 alios
284 648 306 675 a
341 635 400 676 rei
435 648 515 675 usu
541 646 581 676 et
618 633 922 691 dispositione,
950 635 1034 676 iam
1061 633 1257 692 profecto
1291 650 1356 677 res
1391 633 1458 677 illa
1489 649 1579 678 non

146 715 210 747 est
245 718 374 745 sensu
411 702 538 760 pleno
569 706 740 762 propria
775 705 917 762 ipsius,
953 704 1027 748 sed
1060 717 1124 748 est
1157 705 1194 748 ei
1227 707 1455 748 communis
1491 720 1584 749 cum

142 775 239 817 aliis
271 774 357 832 (3).

264 847 318 890 ΙΙ.
354 847 416 889 Ex
440 848 505 899 iis,
531 862 638 904 quae
662 848 704 889 in
739 847 994 891 definitione
1017 847 1151 891 modo
1175 847 1327 891 tradita
1350 863 1583 891 enumera·

141 917 301 973 vimus,
327 919 362 960 si
388 917 491 975 quid
515 919 641 974 desit,
671 920 752 961 iam
778 919 841 962 vel
867 919 1034 962 nullum
1064 918 1287 962 habebitur
1313 919 1576 976 dominium,

140 988 209 1034 vel
232 1002 344 1033 certe
378 1002 542 1033 tantum
567 989 790 1033 habebitur
817 991 1110 1048 imperfectum,
1145 990 1450 1048 semiplenum,
1486 1006 1576 1034 ma-

137 1064 207 1120 gis
239 1063 307 1106 vel
343 1063 487 1106 minus
524 1063 823 1106 imminutum.
860 1063 1119 1105 Dominium
1154 1062 1237 1105 hoc
1270 1061 1572 1119 imperfectum

229 1266 284 1309 (1)
310 1278 331 1298 «
361 1266 533 1312 Princeps
572 1266 752 1311 politicus,
795 1267 907 1312 inquit
952 1266 1202 1307 Bellarmfflus,
1243 1265 1286 1299 de
1325 1265 1422 1299 laicis
1462 1263 1573 1298 l.111.

131 1337 213 1372 cap.
249 1325 341 1367 VII,
382 1326 468 1359 dum
508 1326 599 1371 regit
641 1326 832 1371 populum.
873 1337 946 1360 non
988 1337 1101 1369 suam,
1131 1326 1191 1359 sed
1219 1325 1346 1371 populi
1385 1323 1576 1359 utilitatem

134 1386 285 1432 quaerit:
311 1394 485 1430 tyrannus
513 1394 633 1420 autem
662 1395 695 1419 et
728 1385 884 1419 dominus
911 1397 986 1420 non
1015 1385 1152 1431 populi,
1179 1384 1240 1419 sed
1260 1395 1361 1418 suam
1388 1385 1571 1430 quaerit.»

135 1443 176 1477 Id
202 1443 309 1478 docet
336 1442 565 1486 Aristoteles,
591 1443 700 1478 ethic.
728 1443 826 1477 VIII.
861 1454 922 1478 10.:
952 1442 991 1475 '0
1017 1455 1078 1488 μεν
1107 1446 1174 1487 γάρ
1203 1444 1370 1486 τύραννος
1397 1442 1436 1475 τὸ
1462 1443 1577 1486 ἐαυτῷ

138 1502 314 1547 συμφέρον
344 1505 484 1543 σκοπεῖ,
511 1501 526 1535 ὁ
555 1502 594 1535 ’Ῐῑ
630 1503 798 1539 Ηνο-’,ὶεὺς
824 1502 860 1535 τὸ
886 1505 951 1535 τῶν
981 1499 1200 1547 ἀρχομένων.

233 1560 288 1605 (2)
315 1560 405 1595 Sunt
431 1561 562 1608 aliqua,
589 1572 620 1595 e.
649 1573 682 1607 g.
711 1560 828 1594 altum
859 1571 958 1594 mare
986 1571 1045 1595 aer
1070 1559 1132 1594 lux
1159 1569 1193 1594 et
1231 1560 1374 1602 similia,
1401 1572 1491 1607 quae
1529 1561 1576 1596 ob

136 1620 326 1666 ingentem
353 1619 407 1654 sui
433 1621 574 1665 copiam
602 1630 756 1665 possunt
800 1620 969 1653 omnibus
999 1631 1110 1665 aeque
1138 1618 1358 1661 satisfacere,
1389 1621 1473 1666 quin
1504 1620 1580 1655 ullo

136 1690 313 1725 umquam
342 1690 405 1713 usu
434 1679 702 1714 exhauriantur.
731 1679 900 1713 Iamvero
931 1688 967 1712 ut
993 1689 1107 1713 nemo
1134 1688 1254 1724 potest
1281 1680 1324 1713 ab
1352 1678 1432 1712 aliis
1456 1679 1578 1725 impe-

137 1739 217 1780 diri,
245 1739 291 1773 ita
319 1750 428 1773 nemo
455 1749 574 1784 potest
605 1740 778 1784 impedir:
800 1750 861 1773 seu
892 1738 1084 1773 excludere
1102 1739 1193 1773 alios
1221 1740 1263 1772 ab
1282 1750 1348 1772 usu
1375 1738 1574 1773 illiusmodi

136 1808 270 1832 rerum.
299 1797 336 1831 Id
365 1797 494 1837 facere,
517 1807 607 1832 esset
634 1797 801 1843 profecto
823 1809 930 1842 agere
959 1797 1264 1832 irrationabiliter:
1283 1797 1327 1831 ad
1346 1797 1433 1832 illud
1457 1806 1580 1832 autem
1602 1825 1605 1827 .

135 1858 236 1905 quod
263 1867 316 1892 est
344 1857 590 1892 irrationabile
618 1857 740 1903 nequit
770 1857 844 1891 dari
874 1858 938 1892 ius.
966 1857 1038 1891 Eae
1066 1857 1175 1903 igitur
1202 1868 1257 1892 res
1283 1865 1465 1902 nequeunt
1502 1866 1580 1890 esse

134 1917 326 1952 obiectum
354 1927 417 1950 seu
446 1919 593 1950 materia
612 1917 769 1951 dominii
798 1918 1038 1962 proprietatis.

234 1975 291 2020 (3)
320 1975 368 2009 Ut
394 1975 546 2010 traditus
574 1975 727 2009 dominii
763 1976 992 2021 proprietatis
1033 1985 1230 2021 conceptus
1270 1975 1397 2010 evadat
1436 1973 1578 2017 clarior,

137 2034 268 2069 iuverit
296 2034 589 2079 explicationem,
616 2046 723 2081 quam
752 2035 858 2069 huius
885 2035 936 2068 rei
961 2034 1070 2068 habet
1093 2033 1198 2069 Card.
1218 2034 1262 2068 de
1290 2035 1406 2079 Lugo‚
1427 2033 1469 2068 de
1499 2032 1582 2068 iust-

135 2102 173 2128 et
187 2094 261 2128 iure
276 2093 365 2140 disp.
385 2105 412 2128 1.
429 2104 516 2128 sect.
537 2105 576 2136 1.‚
592 2094 733 2130 afferre.
754 2095 969 2129 Dominium
986 2094 1219 2142 proprietatls
1235 2094 1303 2139 (sic
1319 2106 1394 2128 rem
1415 2094 1581 2140 exponit)

134 2162 192 2187 est
220 2152 396 2198 praelatio
424 2153 601 2200 quaedam
631 2154 796 2196 moralis,
824 2166 892 2200 qua
920 2155 981 2188 hic
1009 2155 1123 2190 homo
1151 2153 1352 2200 praefertur
1391 2153 1582 2188 moraliter

135 2212 217 2247 aliis
246 2213 283 2246 in
311 2224 377 2247 usu
404 2212 489 2248 talis
517 2213 565 2248 rei
596 2224 743 2260 propter
771 2214 964 2259 specialem
993 2214 1277 2257 connexionem,
1307 2224 1414 2261 quam
1443 2224 1498 2248 res
1520 2212 1581 2247 ha-

137 2273 198 2306 bet
225 2283 309 2306 cum
337 2283 392 2306 eo.
421 2271 537 2306 Affert
565 2282 686 2308 autem
707 2273 916 2318 exemplum
945 2273 1040 2308 serae
1067 2284 1194 2320 captae
1223 2285 1243 2308 a
1269 2282 1454 2315 venatore,
1487 2283 1580 2319 quae

140 2331 280 2366 ratione
309 2340 478 2376 capturae
503 2331 611 2367 habet
639 2333 893 2378 particularem
922 2344 1006 2367 cum
1035 2345 1079 2368 eo
1120 2333 1402 2368 connexionem:
1430 2344 1474 2367 ex
1510 2332 1577 2366 hac

135 2398 262 2424 autem
291 2390 439 2435 speciali
469 2392 702 2426 connexione
731 2402 884 2427 venator
902 2392 1010 2427 habet
1029 2390 1296 2439 praelationem
1324 2394 1443 2440 quoad
1471 2404 1577 2428 usum

137 2449 238 2483 ferae
264 2449 434 2484 adversus
462 2451 659 2496 quemlibet
679 2451 804 2486 alium.
826 2453 938 2496 Quod
957 2453 987 2487 si
1014 2462 1169 2488 venator
1184 2455 1298 2489 donet
1324 2453 1436 2488 feram
1465 2453 1578 2498 alteri,

137 2509 268 2554 eoipso
296 2508 511 2544 transfertur
538 2511 726 2546 moraliter
753 2524 793 2546 ea
822 2513 1005 2548 connexio
1045 2513 1082 2548 in
1123 2513 1366 2553 donatarium‚
1395 2523 1428 2548 et
1470 2513 1576 2548 simul

135 2578 223 2602 cum
251 2570 481 2604 connexione
509 2571 694 2616 praelatio.
723 2571 779 2606 Cf.
810 2573 973 2617 Esparza,
1001 2581 1141 2620 quaest.
1169 2573 1212 2608 de
1239 2574 1318 2608 virt.
1344 2574 1458 2609 iustit.
1478 2574 1574 2620 q.11.
