1737 2802
713 171 769 180 -
807 158 888 201 345
923 171 979 176 ’-

131 257 233 288 tunc
265 243 458 302 quidem,
493 242 666 300 quan‘do
701 253 848 285 contra
881 253 1073 284 mentem
1115 238 1336 297 loquendo
1384 237 1559 283 obesses

131 315 316 368 nemini,
351 327 394 357 et
425 327 570 357 tamen
609 313 747 367 alicui,
782 312 848 358 vel
897 312 971 355 tibi
1018 311 1085 356 vel
1118 312 1282 369 amicis,
1316 310 1561 370 prodesseS,

132 390 224 432 sive
255 387 307 431 ad
341 386 678 430 conservandam
727 384 884 428 famam
917 385 1143 427 sanitatem
1192 384 1338 433 vitam,
1372 383 1461 426 sive
1510 382 1561 426 ad

134 474 344 517 magnum
379 457 551 515 aliquod
586 456 747 499 malum
780 456 1018 499 vitandum.
1053 481 1110 486 —
1144 456 1243 508 Qua
1282 455 1324 497 in
1358 471 1400 498 re
1435 454 1560 497 multi

132 543 326 574 errarunt
374 529 650 582 affirmantes,
693 528 818 571 licere
866 526 1046 570 subinde
1083 526 1144 571 uti
1179 526 1404 569 mendacio
1439 527 1561 583 quasi

133 601 365 654 helleboro,
413 601 478 644 vel
511 601 620 643 sicut
653 600 817 642 utimur
850 598 976 642 rebus
1010 599 1226 642 venenatis
1263 599 1306 641 in
1355 597 1559 656 pharma-

136 676 194 717 cis
227 673 307 732 (1).
342 673 475 730 Atqui
509 686 595 714 non
630 672 684 714 ita
718 687 782 713 res
817 687 861 714 se
894 670 1031 714 habet.
1056 671 1332 714 Mendacium
1357 671 1472 712 enim
1498 681 1562 712 est

137 760 190 788 ex
224 761 268 788 se
301 744 478 787 malum.
514 740 624 786 Καθ’
646 742 755 785 αὐτὸ
790 738 832 785 δὲ
866 741 912 784 τὸ
948 740 1027 800 μὲν
1061 740 1216 801 ψεῦδος
1265 740 1436 802 φαῦλον
1484 735 1562 783 καὶ

137 812 309 872 ψεκτά-κ,
343 811 390 857 τὸ
425 812 462 859 δ’
484 813 643 866 ἂ).η]ὲς
678 812 822 856 καλὸν
856 810 930 856 καὶ
964 813 1201 857 &accusa-2.
1226 815 1306 856 Per
1340 829 1385 856 se
1418 826 1560 856 autem

137 887 411 931 mendacium
446 885 621 943 quidem
674 885 835 928 malum
881 899 920 928 et
969 885 1248 943 vituperabile
1295 898 1377 938 est,
1411 901 1562 929 verum

136 971 280 1002 autem
316 957 550 1000 honestum
585 970 624 999 et
673 956 895 1001 laudabile.
929 957 991 999 Ita
1040 957 1293 1000 Aristoteles
1327 958 1401 1014 (2).
1438 958 1563 1010 Quae

137 1045 242 1073 vero
275 1042 376 1072 sunt
410 1044 460 1071 ex
494 1045 538 1071 se
572 1028 696 1081 mala,
731 1044 969 1086 numquam
1005 1029 1094 1072 iure
1130 1028 1220 1071 fieri
1258 1042 1456 1086 possunt,
1487 1045 1566 1072 nec

140 1116 214 1158 per
248 1100 375 1142 ullam
410 1101 776 1142 circumstantiam
805 1100 1102 1155 extrinsecam,
1127 1116 1200 1157 per
1233 1099 1369 1143 ullum
1402 1099 1565 1143 bonum

139 1174 414 1230 optimumve
449 1171 577 1214 finem
616 1183 797 1229 possunt
829 1170 918 1215 fieri
967 1170 1078 1214 bona
1111 1184 1152 1214 et
1194 1171 1317 1215 licita:
1352 1171 1567 1230 siquidem

141 1243 487 1286 circumstantiae
523 1244 782 1285 extrinsecae
831 1255 870 1284 et
914 1242 1190 1285 accidentales
1234 1242 1567 1301 haudquaquam

140 1327 308 1357 mutant
342 1315 617 1357 intrinsecam
655 1315 713 1356 rei
749 1315 993 1370 essentiam,
1027 1330 1133 1371 quae
1177 1314 1357 1372 proinde
1391 1316 1424 1357 si
1461 1314 1569 1358 mala

139 1399 219 1443 est,
252 1399 444 1429 remanet
477 1401 647 1443 semper
682 1385 803 1440 mala,
836 1385 1095 1442 quibuslibet
1143 1386 1442 1430 accedentibus
1490 1386 1570 1430 ad-

141 1459 311 1502 iunctis.
345 1459 510 1515 Itaque,
548 1470 590 1499 ut
626 1470 738 1500 recte
772 1458 909 1514 inquit
943 1473 974 1499 s.
1010 1458 1281 1513 Augustinus
1300 1457 1387 1516 (3),
1412 1475 1430 1498 ‹<
1454 1459 1569 1516 quis-

143 1530 238 1587 quis
272 1545 364 1572 esse
399 1528 573 1586 aliquod
609 1544 746 1585 genus
785 1528 1011 1581 mendacii,
1047 1528 1164 1585 quod
1213 1542 1432 1586 peccatum
1482 1545 1569 1572 non

143 1602 210 1654 sit,
247 1601 471 1658 putaverit,
506 1600 688 1657 decipiet
721 1601 912 1656 seipsum
958 1601 1153 1657 turpiter,
1187 1616 1285 1643 cum
1336 1600 1568 1644 honestum

143 1689 189 1716 se
222 1672 501 1730 deceptorem
537 1672 766 1716 arbitratur
798 1672 1028 1716 aliorum.»

237 1890 292 1934 (ι)
320 1891 481 1935 Grotius,
510 1890 551 1925 de
579 1893 654 1926 iure
682 1891 765 1926 belli
793 1900 828 1926 et
854 1892 954 1937 pacis
982 1891 1002 1925 l.
1024 1892 1085 1925 111.
1112 1903 1141 1927 c.
1166 1903 1204 1936 1.,
1230 1893 1280 1927 sic
1308 1891 1432 1926 definit
1463 1904 1571 1927 men-

145 1951 302 1985 dacium:
329 1960 382 1985 est
410 1963 530 1985 sermo
559 1963 767 1999 repugnans
795 1962 876 1985 cum
904 1952 978 1986 iure
1006 1953 1179 1987 existente
1207 1964 1246 1987 ac
1276 1962 1448 1988 manente
1486 1955 1573 1998 eius,

94 2047 98 2050 ,
146 2011 191 2046 ad
217 2023 324 2058 quem
353 2023 473 2046 sermo
502 2012 679 2057 dirigitur.
707 2012 798 2045 Hinc
827 2012 1000 2058 quaedam
1031 2022 1191 2047 recenset
1211 2012 1398 2046 mendacia
1426 2024 1487 2048 seu
1508 2012 1575 2048 fal-

148 2069 316 2117 siloquia,
343 2081 380 2106 ut
410 2072 489 2117 ipse
503 2072 563 2114 ait,
592 2072 777 2117 inculpata,
797 2084 825 2107 e.
846 2082 879 2116 g.
911 2084 928 2101 «
945 2072 1085 2118 quoties
1111 2073 1182 2107 vita
1199 2073 1406 2107 innocentis
1426 2082 1486 2108 aut
1513 2085 1576 2119 par

145 2131 280 2178 aliquid
307 2132 410 2166 aliter
436 2133 581 2173 servari,
600 2142 633 2167 ct
661 2132 750 2166 alter
776 2133 819 2166 ab
846 2133 1001 2177 improbi
1023 2131 1193 2167 facinoris
1220 2133 1444 2178 perfectione
1473 2133 1576 2168 aliter

147 2191 257 2225 averti
285 2203 359 2225 non
381 2201 545 2237 potest.»
576 2193 674 2227 Haec
694 2202 885 2238 postquam
913 2193 1148 2237 enumeravit,
1168 2194 1218 2228 sic
1237 2193 1434 2228 concludit:
1458 2207 1475 2224 «
1490 2194 1575 2229 Non

150 2248 292 2294 placent
319 2249 406 2284 haec
435 2250 582 2285 scholae
609 2260 764 2285 actorum
795 2251 903 2296 paulo
922 2260 1005 2285 ante
1031 2252 1271 2294 saeculorum,
1290 2261 1326 2287 ut
1354 2264 1444 2298 quae
1462 2264 1576 2287 unum

146 2320 192 2343 ex
207 2310 386 2344 veteribus
401 2311 646 2357 Augustinutu
666 2310 778 2345 ferme
797 2311 832 2345 in
851 2312 1022 2346 omnibus
1036 2311 1260 2358 sequendum
1280 2311 1346 2346 sibi
1362 2311 1574 2358 delegerit.»

145 2369 197 2404 Ea
221 2381 307 2403 sane
335 2370 440 2403 nobis
467 2382 542 2404 non
571 2371 728 2415 placent,
749 2372 867 2416 primo
895 2371 1040 2417 quidem
1062 2371 1221 2405 maxima
1251 2383 1276 2406 s.
1298 2372 1493 2417 Augustini
1514 2383 1577 2405 au-

145 2429 314 2464 ctoritate
341 2431 552 2472 commotis,
579 2431 738 2465 secundo
765 2440 886 2465 autern
914 2431 948 2464 vi
973 2432 1168 2473 rationum,
1193 2431 1321 2478 quibus
1348 2440 1496 2466 sanctus
1514 2431 1574 2465 ille

145 2488 280 2524 doctor
306 2500 407 2523 suam
437 2489 618 2534 praeclare
645 2500 765 2525 tuetur
791 2490 1018 2525 sententiam.

243 2548 298 2592 (2)
326 2548 441 2582 Ethic.
471 2549 532 2584 IV.
559 2559 591 2593 7.

245 2606 304 2652 (3)
335 2608 410 2643 Lib.
437 2608 480 2642 de
508 2608 696 2642 mendacio
725 2608 770 2642 ad
798 2610 921 2651 Cons.,
949 2610 983 2643 in
1008 2609 1090 2644 fine.
