1737 2802
785 98 1050 141 -182—

205 208 396 238 nostram
433 208 530 237 cum
565 192 707 236 divina
742 191 976 249 confundit3
1010 191 1246 236 secundum
1282 191 1461 236 includit
1493 191 1627 237 athei-

206 284 370 319 smum,
405 268 502 325 quia
525 264 734 309 limitibus
768 264 874 309 affici
898 265 1047 323 nequit
1077 265 1246 322 veritas,
1269 265 1372 321 quin
1405 265 1496 308 eius
1529 263 1628 309 fons

204 354 243 384 et
268 340 542 397 principium,
566 354 722 396 nempe
746 325 1060 395 Deustariter
1092 336 1311 380 afficiatur.
1337 337 1457 380 Deus
1480 349 1625 381 autem

204 411 408 455 limitibus
442 411 615 454 affectus
652 426 737 453 non
772 422 834 453 est
869 411 988 453 Deus
1023 426 1043 449 »

324 485 455 528 Hisce
486 483 675 540 aliisque,
708 497 814 540 quae
849 481 944 525 addi
980 493 1168 539 possent,
1200 480 1437 525 rationibus
1471 492 1621 525 osten—

203 555 317 598 ditur
349 556 569 598 existentia
602 555 926 611 mysteriorum.
946 579 1003 586 —
1026 552 1124 607 Sed,
1159 552 1288 611 dices,
1320 554 1354 595 si
1389 554 1625 612 mysterio-

204 644 299 671 rum
335 628 555 672 existentia
597 626 842 670 naturaliter
875 626 1208 680 demonstratur,
1243 626 1327 669 iarn
1369 625 1483 669 nulla
1525 637 1626 669 sunt

203 701 418 758 mysteria.
453 699 698 757 Responsio
733 711 860 756 patet:
895 698 1039 741 allatae
1073 699 1260 741 rationes
1293 713 1381 741 non
1416 698 1500 741 iam
1544 695 1625 740 de·—

201 773 431 816 terminant
467 773 506 815 in
539 773 677 830 specie,
713 786 820 829 quae
854 770 1052 828 qualiave'
1079 771 1163 812 sint
1189 770 1405 828 mysteria,
1428 769 1501 813 sed
1526 785 1624 828 pro-

201 845 300 889 bant
336 847 375 888 in
404 859 555 901 genere,
589 843 720 886 multa
768 858 860 886 esse
910 843 1128 900 mysteria,
1174 858 1247 886 seu
1296 842 1383 885 dari
1426 842 1623 886 veritates

203 918 374 974 multas,
407 932 514 975 quae
548 928 717 973 captum
754 915 965 958 humanae
1000 916 1154 958 mentis
1190 915 1381 959 absolute
1404 928 1444 959 et
1472 931 1546 973 per
1578 931 1626 958 se

200 1001 415 1047 superant.
449 988 660 1040 Quaestio
708 988 826 1045 prior
869 1000 932 1029 est
964 988 1164 1045 specialis,
1210 999 1250 1030 et
1284 986 1464 1030 solvitur
1497 1001 1623 1030 reve-

197 1062 353 1104 latione
388 1076 432 1103 ac
465 1059 559 1103 fide:
595 1059 790 1117 quaestio
835 1058 961 1101 altera
1004 1072 1066 1101 est
1107 1059 1322 1116 generalis,
1355 1071 1395 1102 et
1438 1058 1634 1102 solvitur>

196 1132 373 1176 naturali
407 1133 534 1175 etiam
569 1131 748 1174 ratione.
799 1131 887 1173 Iam
939 1131 1079 1188 itaque
1127 1130 1178 1174 ad
1227 1129 1402 1174 alteram
1452 1130 1623 1173 minoris

195 1218 359 1264 partem
394 1202 658 1262 probandam
692 1204 927 1246 veniamus.

315 1276 398 1334 2.⁰)
431 1275 637 1333 Mysteria
671 1274 950 1332 particularia,
993 1291 1100 1332 quae
1142 1274 1264 1318 nobis
1313 1276 1431 1318 Deus
1465 1273 1623 1318 revelet

196 1360 323 1407 atque
356 1347 407 1391 ad
441 1346 703 1390 credendum
740 1359 968 1404 proponat,
1006 1362 1239 1404 possumus
1283 1347 1516 1401 aliqualiter
1551 1348 1620 1390 in-

196 1421 399 1478 telligere.
433 1420 659 1473 Videlicet,
693 1432 756 1462 est
790 1420 971 1461 omnino
997 1418 1165 1476 falsum,
1189 1434 1267 1462 nos
1303 1419 1352 1463 de
1387 1420 1620 1478 mysteriis,

195 1494 321 1537 etiam
359 1505 456 1550 post
489 1507 641 1534 eorum
676 1490 999 1543 revelationem,
1025 1490 1129 1534 nihil
1152 1490 1266 1535 aliud
1295 1507 1441 1549 capere
1479 1506 1621 1550 posse,

195 1566 275 1609 nisi
309 1581 465 1608 vanum
502 1577 541 1607 et
575 1565 743 1607 inanem
780 1579 937 1606 sonum
972 1562 1234 1608 verborum:
1259 1579 1345 1606 non
1370 1563 1465 1622 plus
1498 1563 1621 1607 intel-

192 1638 340 1695 ligere,
374 1653 501 1696 quam
537 1638 570 1679 si
605 1636 788 1694 aliquem
826 1637 973 1693 ignota
1006 1635 1151 1694 lingua
1186 1636 1437 1694 loquentem
1475 1634 1617 1679 audia-

191 1726 303 1754 mus.
337 1735 393 1742 —
425 1710 528 1752 Duo
562 1708 663 1751 haec
696 1723 795 1751 sane
830 1708 1105 1765 percipimus,

313 1781 450 1824 Primo
484 1778 847 1838 apprehendimus
881 1779 934 1832 id,
968 1779 1085 1837 quod
1119 1778 1400 1823 determinate
1435 1779 1618 1824 creden-

193 1851 295 1896 dum
330 1864 391 1895 est
425 1851 510 1910 (Ι)
546 1852 714 1895 Etenim
750 1850 895 1894 iudicii
920 1851 1048 1904 illius,
1076 1867 1162 1909 quo
1186 1852 1444 1910 mysterium
1482 1868 1618 1896 enun-

188 1924 331 1981 tiatur,
364 1924 593 1976 terminos,
634 1923 919 1981 praedicatum
962 1923 1122 1966 scilicet
1155 1935 1196 1966 et
1231 1925 1462 1981 subiectum,
1496 1939 1615 1967 asse-

190 1995 364 2053 quimur
398 1994 675 2053 conceptibus
709 1994 858 2038 saltem
892 1995 1129 2052 analogicis,
1154 1996 1200 2039 E.
1226 2011 1267 2053 g.
1303 1995 1474 2054 quando
1508 1995 1617 2039 divi-

282 2216 333 2261 (1)
362 2217 439 2251 Hoc
468 2216 739 2263 apprehendere
768 2224 819 2251 est
840 2228 925 2251 sane
943 2218 1198 2252 necessarium.
1221 2232 1237 2248 κ
1257 2217 1424 2265 Oportet,
1452 2221 1500 2254 ita
1518 2221 1614 2257 Sua-

187 2288 255 2318 rez,
282 2277 324 2311 de
352 2276 421 2311 fide
450 2277 539 2323 disp.
570 2277 630 2311 111.
658 2287 744 2312 sect.
770 2288 800 2312 1.
821 2288 920 2311 num.
951 2287 993 2319 2.,
1023 2278 1119 2323 prius
1147 2278 1331 2325 percipere
1357 2279 1391 2313 id
1410 2280 1507 2326 quod
1526 2292 1612 2327 pro-

186 2337 332 2383 ponitur
358 2337 401 2371 ad
429 2337 661 2383 credendum,
689 2346 723 2372 et
751 2338 954 2384 intelligere
981 2337 1109 2373 saltem
1129 2348 1307 2385 conceptu
1327 2340 1612 2386 apprehensivo,

185 2396 269 2444 quid
295 2397 339 2431 sit
365 2397 399 2430 id
427 2397 524 2444 quod
552 2398 723 2432 asseritur
748 2409 810 2432 seu
837 2399 1066 2444 proponitur.
1095 2413 1112 2429 »
1143 2399 1183 2433 In
1210 2399 1339 2434 eodem
1373 2411 1481 2434 sensu
1521 2399 1611 2435 dixit

186 2466 212 2491 s.
238 2455 415 2500 Thomas,
444 2467 476 2492 2.
507 2467 535 2491 2.
565 2470 595 2504 q.
624 2457 657 2492 S.
687 2469 718 2492 a.
746 2457 777 2492 8.
806 2458 848 2492 ad
877 2464 949 2493 2.¹¹²:
981 2473 999 2490 «
1026 2458 1129 2493 Fides
1156 2470 1231 2494 non
1259 2468 1379 2505 potest
1421 2460 1606 2495 universa-

183 2516 265 2552 liter
291 2517 505 2563 praecedere
531 2518 778 2553 intellectum:
810 2531 884 2554 non
912 2519 1010 2554 enirn
1038 2528 1162 2566 posset
1189 2521 1303 2555 homo
1331 2521 1507 2556 assentire
1533 2532 1614 2556 cre-

185 2575 305 2612 dendo
332 2577 510 2624 aliquibus
536 2578 745 2624 propositis,
772 2579 840 2613 nisi
868 2590 910 2614 ea
937 2579 1140 2626 aliqualiter
1166 2580 1393 2628 intelligeret.
1420 2596 1437 2613 »
