1737 2802
649 127 918 170 ..117-

71 207 341 265 designantes
393 209 436 250 in
485 210 805 265 comparatione
855 208 905 252 ad
954 210 1124 252 Deum:
1182 211 1498 268 prosternimus

72 291 212 322 autem
245 293 339 332 nos,
373 279 492 336 quasi
540 278 789 336 profitentes
837 295 916 323 nos
951 279 1056 322 nihil
1089 295 1182 323 esse
1216 296 1266 323 ex
1298 280 1439 326 nobis.
1471 298 1492 322 »

191 349 274 408 2⁰.)
294 350 411 393 Deus
430 365 518 392 non
543 350 707 407 indiget
733 350 847 394 cultu
872 363 1021 394 nostro
1046 363 1238 395 externO.
1259 352 1374 409 Ergo
1398 368 1500 396 eum

71 437 160 465 non
206 422 352 479 exigit.
386 447 443 456 —
475 422 739 481 Respondeo
776 424 823 479 α)
857 423 1003 466 Deum
1037 438 1088 466 ne
1122 435 1272 466 nostro
1321 423 1499 481 quidem

71 493 239 536 interno
270 492 386 536 cultu
409 493 614 552 indigere.
638 495 767 537 Hunc
791 506 948 551 tamen,
983 493 1102 552 quod
1134 509 1187 537 ne
1214 495 1295 552 ipsi
1318 494 1496 552 quidem

69 564 295 608 adversarii
317 578 489 623 negant,
506 567 687 610 omnino
711 566 856 622 exigit.
875 566 1021 624 Itaque
1039 564 1090 624 β)
1115 564 1228 609 aliud
1252 578 1329 619 est,
1351 567 1495 609 Deum

70 651 159 680 non
205 635 396 693 indigere
447 636 560 681 cultu
610 649 759 680 nostro
794 649 987 693 externo,
1021 649 1061 680 et
1091 636 1220 690 aliud,
1256 636 1376 680 illum
1408 653 1498 681 non

69 708 251 765 exigere.
284 708 347 751 Eo
380 724 468 752 non
502 708 684 766 indiget,
721 722 761 751 et
795 721 939 751 tamen
965 724 1065 752 eum
1090 709 1235 765 exigit.
1255 709 1396 766 Exigit
1418 710 1498 752 sci-

68 780 164 824 licet
196 793 289 824 tum
324 782 489 825 ratione
523 781 764 839 indigentiae
799 789 973 833 nostrae,
1008 793 1102 824 tum
1131 782 1295 824 ratione
1317 782 1499 836 infinitae

67 867 165 896 suae
198 852 400 896 bonitatis.
451 853 592 910 Exigit
623 854 759 910 primo
793 853 957 895 ratione
1005 851 1264 909 indigentiae
1312 864 1496 897 nostrae.

70 941 90 964 «
121 923 277 980 Nobis,
310 925 447 982 inquit
480 940 511 968 S.
547 925 822 981 Augustinus
858 923 935 981 (1),
970 922 1099 967 verba
1121 924 1362 967 necessaria
1383 936 1499 981 sunt,

66 995 221 1053 quibus
255 1011 616 1039 commoneamur
652 1009 692 1038 et
728 997 1025 1053 inspiciamus,
1050 995 1153 1054 quid
1176 1008 1386 1053 petamus,
1409 1010 1497 1039 non

67 1066 221 1125 quibus
254 1068 499 1111 Dominum
545 1083 620 1111 seu
673 1066 919 1110 docendum
970 1083 1044 1110 seu
1094 1066 1356 1110 flectendum
1402 1081 1499 1110 esse

67 1137 307 1182 credamus.
340 1156 360 1179 »
400 1139 541 1195 Exigit
572 1138 742 1182 secundo
797 1139 959 1182 ratione
1008 1137 1197 1182 infinitae
1235 1154 1334 1181 suae
1365 1137 1498 1182 boni-

68 1210 179 1253 tatis.
213 1210 329 1253 Haec
363 1209 522 1253 scilicet
554 1210 760 1267 postulat,
788 1222 845 1263 ut,
871 1225 970 1252 cum
996 1211 1144 1252 omnia
1161 1225 1267 1267 quae
1290 1207 1498 1253 habemus

71 1281 181 1325 bona
227 1282 276 1325 ab
324 1282 421 1340 Ipsa
463 1283 767 1340 acceperimus,
817 1283 964 1325 omnia
1013 1293 1228 1340 quotquot
1276 1282 1496 1341 possimus

69 1352 213 1396 modis
247 1353 333 1411 Ipsi
367 1365 537 1411 accepta
571 1352 822 1397 referamus.

189 1424 264 1482 3⁰.)
282 1426 483 1482 Arguunt
503 1425 629 1467 etiam
657 1442 707 1469 ex
730 1442 776 1469 ea
795 1424 961 1468 Christi
983 1425 1164 1468 Domini
1185 1425 1394 1468 sententia
1411 1422 1498 1483 (2),

74 1514 95 1538 «
127 1496 310 1554 Spiritus
343 1508 406 1539 est
440 1497 586 1543 Deus:
621 1512 661 1542 et
693 1514 785 1553 eos,
819 1498 892 1556 qui
925 1496 1104 1541 adorant
1136 1511 1251 1549 eum,
1278 1496 1320 1538 in
1343 1495 1496 1553 spiritu

68 1580 110 1612 et
139 1569 318 1612 veritate
367 1581 541 1627 oportet
587 1569 778 1614 adorare.
811 1587 832 1610 »
874 1595 926 1602 —
961 1570 1009 1613 In
1043 1568 1120 1612 hac
1162 1569 1386 1626 sententia,
1433 1583 1499 1612 re-

67 1640 253 1700 spondet
287 1657 319 1686 s.
344 1640 546 1686 Thomas
580 1642 662 1701 (3),
704 1643 960 1686 «Dominus
994 1640 1187 1700 loquitur
1214 1652 1424 1699 quantum
1447 1639 1500 1684 ad

66 1861 124 1897 vel
149 1861 296 1897 intimas
322 1862 434 1897 animi
463 1864 720 1909 cogitationes:
751 1862 838 1897 odio
864 1862 998 1899 habere
1025 1863 1169 1909 cuipam
1197 1863 1255 1898 vel
1281 1862 1412 1898 levem:
1439 1874 1498 1898 ae·

66 1933 177 1968 quum
202 1921 246 1956 de
271 1922 404 1957 nostris
430 1922 634 1957 actionibus
658 1922 831 1956 iudicium
868 1921 971 1957 ferre:
1002 1931 1221 1968 potestatem
1258 1921 1390 1957 habere
1427 1933 1498 1969 pu-

64 1981 200 2016 niendi.

158 2042 215 2087 (ι)
243 2041 283 2076 In
308 2053 364 2088 ep.
397 2052 473 2087 ¹30·
500 2041 563 2087 (al.
596 2041 700 2087 121.).
730 2043 853 2087 Pergit
879 2050 1001 2077 autem
1030 2041 1282 2088 perpulchram
1310 2053 1497 2089 exponens

67 2101 310 2148 paraphrasim
338 2101 511 2136 orationis
556 2100 758 2136 dominicae.
785 2100 839 2137 Cf.
867 2102 976 2137 etiarn
1004 2112 1059 2147 ep.
1094 2111 1169 2137 102.
1196 2101 1257 2148 (al.
1282 2103 1370 2148 49.).
1401 2101 1500 2149 Lege

68 2160 177 2196 etiam
204 2172 231 2196 s.
258 2159 457 2203 Thomam‚
487 2169 617 2196 contra
645 2161 753 2196 Gent.
781 2161 802 2196 l.
833 2172 863 2206 3.
889 2172 919 2196 e.
947 2170 1022 2206 ¹¹9-

169 2219 226 2264 (2)
253 2219 378 2255 Ioann.
408 2219 470 2256 IV.
498 2230 556 2263 24.
583 2239 630 2247 —-
654 2231 675 2253 ‹<
705 2219 882 2263 Christus,
908 2219 956 2255 ita
982 2220 1127 2262 Suara,
1156 2219 1198 2255 de
1224 2229 1316 2256 orat.
1342 2219 1366 2256 l.
1382 2221 1446 2257 111.
1470 2233 1502 2257 c.

72 2287 99 2312 ι.
127 2289 162 2312 n.
189 2278 234 2320 8.,
260 2289 334 2313 non
361 2278 449 2314 dixit
481 2278 601 2314 Deum
629 2290 706 2313 esse
732 2279 913 2314 orandum
940 2278 975 2311 in
1002 2279 1127 2326 spiritu
1153 2287 1188 2314 et
1226 2280 1380 2323 veritate,
1420 2281 1502 2327 quia

68 2347 191 2373 mente
218 2347 252 2374 et
277 2349 352 2373 non
379 2349 534 2384 corpore
561 2339 721 2374 orandus
747 2339 803 2382 sit,
830 2338 892 2374 sed
919 2339 1001 2385 quia
1029 2338 1072 2373 ad
1099 2349 1226 2373 verum
1257 2339 1380 2374 Deum
1420 2338 1503 2375 diri·

67 2397 185 2445 genda
211 2407 264 2433 est
290 2398 421 2441 oratio,
447 2398 545 2445 quod
573 2408 628 2435 est
654 2399 774 2444 ipsum
803 2398 923 2433 colere
948 2399 984 2432 in
1009 2400 1171 2439 veritate,
1193 2408 1228 2434 et
1245 2400 1327 2446 quia
1349 2410 1393 2435 ex
1410 2411 1501 2447 puro

65 2456 176 2492 corde
197 2467 231 2493 et
249 2457 430 2493 desiderio
458 2457 625 2504 placendi
648 2458 698 2494 illi
719 2458 898 2493 orandum
920 2467 984 2502 est,
1004 2458 1102 2506 quod
1120 2468 1174 2495 est
1200 2458 1302 2495 illum
1321 2461 1359 2493 in
1376 2460 1502 2508 spiritu

62 2516 228 2560 adorare,
257 2527 294 2553 ut
322 2518 368 2552 ibi
396 2519 519 2554 Patres
546 2526 749 2564 exponunt.
777 2530 800 2552 »

160 2574 214 2623 (3)
241 2576 281 2611 In
309 2585 342 2611 2.
370 2586 400 2610 2.
427 2588 460 2623 q.
488 2575 544 2611 81.
570 2587 602 2612 a.
630 2586 659 2622 7.
689 2575 733 2610 ad
766 2586 794 2611 ι.
