1737 2802
746 130 803 138 “··
837 118 916 161 333
955 130 1008 136 -·

164 217 312 248 earum
345 217 493 246 rerum
528 218 623 258 usu,
657 201 707 244 ad
741 216 870 260 quem
905 201 933 244 ii
967 199 1121 244 habent
1154 201 1233 243 ius:
1268 211 1333 243 est
1365 215 1474 256 ergo
1523 215 1599 243 ra-

166 276 312 333 pinam
347 287 416 316 aut
451 273 615 316 furtum
649 272 799 316 facere.

287 350 328 395 η)
364 345 581 387 Homines
615 355 842 387 senserunt
885 344 949 386 ius
993 355 1120 400 atque
1169 342 1360 386 officium
1412 343 1459 387 ab
1509 344 1600 400 ipsa

168 430 313 462 ortum
346 428 512 468 natura,
547 416 752 473 quasdam
788 432 810 458 e
843 414 968 458 rebus
1013 415 1101 457 suis
1136 416 1233 459 Deo
1282 417 1323 459 in
1374 415 1596 473 religi0nis

169 488 308 533 officia
342 486 521 531 dicandi.
558 488 649 540 Qui
684 487 758 530 has
793 503 858 530 res
906 486 1078 544 expilet‚
1112 488 1146 529 is
1179 500 1243 530 est
1290 503 1380 530 non
1428 486 1603 530 solum-

169 559 304 603 modo
329 560 408 617 fur
434 572 473 601 et
497 568 647 617 rapax,
670 559 743 602 sed
768 560 893 602 etiam
930 572 993 602 est
1026 559 1258 617 sacrilegus.
1278 561 1423 603 Immo
1458 576 1479 602 a
1504 559 1598 615 lege

170 633 256 678 XII
289 632 530 675 tabularum
565 645 742 674 vocatur
786 632 996 689 parricida
1031 633 1106 689 (tlt
1163 632 1384 675 «Sacrum
1420 645 1604 674 sacrove·

170 702 523 748 commendatum
549 705 621 760 qui
647 703 794 759 clepsit
819 705 1001 760 rapsitve
1036 702 1242 760 parricida
1266 715 1374 746 esto.
1394 719 1414 741 >v
1458 700 1596 754 Quod

171 791 273 818 sane
307 773 432 817 debet
465 774 644 831 intelligi
679 790 766 817 non
803 774 937 817 modo
973 774 1023 817 de
1058 774 1249 831 privatis,
1275 772 1348 816 sed
1384 774 1512 816 etiam
1548 771 1605 815 de

170 846 357 904 regibus:
385 845 444 902 hi,
468 846 501 887 si
538 860 605 888 res
630 846 726 888 Deo
751 861 887 888 sacras
912 845 1096 888 audeant
1119 844 1322 902 expilare,
1348 843 1603 887 labefactant

169 916 447 961 fundamenta
481 916 750 974 reipublicae,
785 933 941 974 nempe
976 917 1219 973 religionem.

291 989 366 1033 III.
401 991 598 1032 Iamvero
633 987 682 1031 ad
718 988 800 1031 hoc
835 1001 1124 1045 praeceptum,
1159 1004 1206 1031 ne
1235 987 1404 1046 furtum
1443 988 1602 1046 facias,

171 1059 441 1117 implendum
477 1059 631 1103 debent
665 1060 823 1102 multae
855 1059 1042 1117 specitzles
1067 1060 1253 1102 rationes
1279 1059 1505 1102 hominem
1530 1059 1600 1100 in-

173 1129 342 1173 ducere:
379 1130 430 1173 de
464 1130 675 1188 aliquibus
710 1132 979 1173 mentionem
1016 1130 1222 1173 faciemus
1256 1129 1340 1188 (2).

294 1208 335 1250 α)
368 1201 551 1245 Nullum
576 1201 756 1245 fortasse
781 1214 1002 1259 peccatum
1035 1215 1097 1243 est
1134 1203 1190 1244 ita
1213 1200 1522 1258 periculosum,
1556 1211 1606 1242 ut

174 1274 353 1317 furtum.
368 1274 536 1315 Etenim
557 1273 721 1314 nullum
743 1286 964 1330 peccatum
985 1273 1219 1315 remittitur
1232 1273 1324 1315 sine
1339 1271 1606 1329 poenitentia

173 1357 213 1389 et
237 1343 541 1387 satisfactione.
564 1344 762 1387 Aliorum
783 1344 959 1401 quidem
978 1345 1209 1387 criminum
1229 1345 1313 1386 cito
1334 1355 1603 1400 peccatorem

174 1418 379 1475 poenitet,
413 1417 525 1460 sicut
559 1429 672 1474 patet
706 1418 748 1479 in
783 1417 1039 1470 homicidio,
1077 1429 1269 1460 cessante
1303 1418 1378 1460 ira.
1425 1419 1482 1460 At
1521 1417 1607 1459 cri-

175 1490 307 1533 minis
341 1489 468 1532 huius
502 1505 598 1532 raro
631 1488 771 1532 furem
808 1489 999 1546 poenitet
1034 1504 1133 1530 vera
1166 1499 1208 1531 et
1240 1487 1399 1531 efficaci
1446 1487 1604 1545 poeni-

173 1561 320 1616 tentia,
353 1576 460 1618 quae
494 1576 640 1603 secum
672 1560 810 1602 trahat
844 1559 1027 1602 debitam
1052 1559 1407 1603 satisfactionem.
1434 1558 1606 1602 Etenim

173 1643 345 1674 tenetur
377 1630 443 1673 fur
477 1630 655 1674 reddere
689 1632 869 1674 domino
903 1630 960 1684 id,
995 1630 1112 1688 quod
1146 1630 1195 1674 ab
1228 1646 1280 1674 eo
1314 1631 1472 1674 iniuste
1506 1630 1609 1673 sub-

175 1705 322 1761 ripuit.
372 1704 472 1756 Qua
506 1704 547 1745 in
581 1718 625 1746 re
675 1702 839 1746 celebre
887 1716 950 1746 est
985 1703 1147 1746 dictum
1182 1719 1214 1747 s,
1250 1703 1487 1759 Augustini
1519 1701 1607 1760 (3):

183 1775 323 1820 «Non
360 1776 594 1818 remittitur
618 1787 856 1831 peccatum,
881 1775 961 1816 nisi
995 1775 1243 1818 restituatur
1275 1773 1482 1828 ablatum,
1507 1789 1607 1816 cum

176 1848 343 1891 restitui
376 1860 574 1904 potest.»
614 1847 740 1899 Quae
773 1846 899 1889 verba
932 1848 988 1889 ita
1022 1846 1199 1904 exponit
1233 1844 1356 1903 Gury
1389 1846 1465 1901 (4):
1515 1864 1536 1885 ‹<
1562 1845 1607 1888 Si

178 1918 396 1962 restitutio
432 1930 495 1960 est
529 1916 809 1975 impossibilis
843 1918 883 1959 in
916 1933 971 1973 re,
1015 1917 1137 1960 saluti
1185 1932 1274 1960 non
1321 1916 1474 1960 obstat.
1525 1915 1610 1960 Sed

178 2003 308 2032 nemo
343 2005 365 2032 a
399 1990 672 2032 restitutione
707 1990 748 2031 in
782 1998 874 2032 voto
909 1989 1103 2031 excusari
1138 2000 1293 2046 potest;
1328 2001 1368 2031 et
1411 1989 1612 2046 quisquis

177 2060 243 2102 ius
279 2059 467 2103 alienum
501 2059 640 2116 laesit,
673 2075 843 2116 semper
879 2058 1054 2102 firmum
1089 2058 1244 2102 habere
1279 2058 1403 2102 debet
1441 2074 1626 2117 propos

275 2278 327 2323 (1)
353 2278 428 2314 Cfr.
456 2279 630 2322 Tullium,
658 2279 701 2314 de
728 2279 796 2325 leg.
816 2279 857 2313 11.
879 2289 909 2323 9.
930 2280 969 2313 In
998 2291 1075 2325 cap.
1099 2288 1152 2322 15.
1170 2279 1291 2327 legem
1311 2280 1370 2315 cit.
1399 2280 1614 2325 explanans,

139 2381 143 2384 Δ
180 2339 240 2373 ait:
273 2338 492 2385 «Sacrilego
520 2349 638 2383 poena
666 2347 728 2380 est,
757 2349 872 2383 neque
901 2339 931 2372 ei
959 2337 1029 2372 soli
1057 2338 1116 2384 qui
1141 2349 1283 2373 sacrum
1324 2338 1522 2381 abstulerit,
1550 2337 1612 2372 sed

179 2397 291 2431 etiam
319 2397 351 2430 ei
377 2397 437 2442 qui
464 2407 565 2431 sacro
595 2396 950 2431 commendatum.»

276 2456 332 2500 (2)
362 2455 415 2491 Cf.
443 2466 470 2490 s-
497 2456 696 2498 Thornam,
725 2467 851 2501 opusc.
879 2457 949 2490 iam
979 2457 1038 2492 cit.

275 2517 330 2560 (3)
359 2517 423 2561 Ep.
454 2524 528 2559 153.
555 2516 598 2550 ad
626 2517 897 2552 Macedonium.

277 2574 328 2619 (4)
355 2574 475 2610 Tract.
503 2574 545 2609 de
573 2576 653 2610 iust.
681 2584 714 2610 et
741 2576 816 2610 iure
844 2584 933 2622 part.
959 2577 1021 2612 III.
1053 2577 1096 2612 de
1124 2577 1278 2614 restitut.
