1737 2802
1605 0 1737 38 varas

212 208 393 250 caritatis
428 205 477 248 ad
513 205 824 263 procurandam
859 205 1039 248 salutem
1073 216 1286 249 aeternam
1320 206 1507 263 proximi
1545 221 1633 251 non

211 290 272 320 est
298 277 563 331 universalis,
591 278 670 320 nisi
703 279 744 320 in
779 292 874 320 casn
906 285 1109 320 extremae
1132 277 1386 321 necessitatis:
1411 276 1461 321 ad
1484 293 1635 322 neces-

213 349 380 391 sitatem
415 362 557 391 autem
592 349 838 406 requiritur,
873 348 990 406 quod
1025 350 1246 406 proximus
1283 362 1432 392 nostro
1477 348 1635 393 auxilio

215 420 415 477 indigeat.
453 420 567 463 Cum
601 436 705 477 ergo
740 421 911 463 invasor
946 421 1131 463 iniustus
1171 435 1258 463 non
1306 419 1494 477 indigeat
1542 435 1637 464 mea

214 509 295 551 ope
329 492 443 551 (ipse
477 493 591 536 enim
627 504 767 549 potest
802 491 919 535 facilc
952 491 1028 534 sibi
1066 491 1306 544 consulere,
1341 507 1430 535 non
1462 507 1530 536 me
1564 493 1634 535 in-
1694 538 1696 541 ,

213 564 407 607 vadendo
442 566 631 621 iniuste),
665 579 753 606 non
788 576 983 607 censetur
1017 579 1109 607 esse
1145 564 1186 605 in
1220 564 1471 607 necessitate
1503 565 1636 621 gravi,

213 637 373 680 nedum
410 649 611 681 extrema.
649 637 796 689 Quare
832 649 965 678 cessat
1000 637 1180 679 omnino
1225 634 1428 692 obligatio
1477 635 1635 678 subve-

212 709 369 753 niendi:
406 710 503 767 quia
538 709 638 753 baec
671 709 814 752 solum
840 721 902 751 est
937 721 1130 766 respectu
1155 707 1404 765 indigentis,
1427 706 1494 750 ille
1516 722 1636 764 vero,

208 782 279 839 qui
316 794 456 838 potest
489 796 533 824 se
567 780 738 836 salvare,
772 796 858 823 non
894 780 1070 838 indiget,
1106 792 1151 822 ut
1185 791 1363 822 constat.
1399 779 1468 823 Sic
1508 779 1636 823 etiam

210 852 245 894 si
279 852 428 910 aliquis
463 852 635 908 liabens,
668 868 754 910 quo
790 851 908 894 cibos
943 851 1020 894 sibi
1059 863 1293 908 comparet,
1327 850 1435 894 nolit
1477 851 1635 908 experi-

211 923 328 976 dere,
365 936 404 966 et
438 923 549 967 fante
585 925 807 981 moriatur,
841 939 927 966 non
963 923 1130 981 obligor
1163 939 1212 965 ex
1246 923 1416 966 caritate
1450 921 1501 966 ad
1535 921 1636 966 dan-

211 995 314 1038 dum
350 997 386 1039 ei
421 1012 471 1038 ex
504 998 611 1038 meis
645 997 851 1053 pecuniis,
877 1008 921 1038 ut
955 1009 1081 1052 emat,
1105 996 1204 1053 quia
1238 1010 1325 1038 non
1359 993 1535 1050 indiget:
1571 1009 1636 1037 ca-

210 1068 310 1110 ritas
344 1081 484 1111 autem
522 1083 608 1111 non
643 1066 801 1124 obligat
834 1084 932 1110 cum
967 1083 1018 1111 eo
1053 1068 1196 1126 rigore
1230 1083 1330 1124 erga
1352 1082 1504 1110 omnes
1538 1081 1636 1124 pro-

209 1141 368 1195 ximos,
405 1140 478 1183 sed
513 1156 610 1197 erga
643 1156 740 1183 vere
772 1140 1031 1197 indigentes,
1066 1140 1190 1184 Ratio
1224 1155 1246 1182 a
1270 1139 1402 1197 priori
1435 1150 1515 1194 est,
1539 1138 1637 1196 quia

211 1211 314 1254 haec
346 1211 553 1268 obligatio
589 1211 789 1254 fundatur
823 1212 863 1254 in
900 1210 972 1253 illo
1007 1209 1185 1252 naturali
1229 1222 1469 1268 praecepto,
1503 1208 1639 1267 diliges

204 1284 458 1341 proximum,
494 1284 595 1326 sient
630 1285 814 1341 teipsum,
847 1297 937 1338 seu,
961 1281 1066 1340 quod
1099 1280 1171 1324 tibi
1202 1281 1266 1324 vis
1292 1280 1402 1339 fieri,
1426 1280 1501 1338 fac
1532 1279 1637 1323 aliis.

211 1356 308 1398 Hoc
341 1367 485 1398 autem
521 1354 774 1412 intelligitur
798 1354 848 1397 de
882 1355 947 1411 iis,
971 1370 1077 1412 quae
1099 1352 1402 1397 rationabiliter
1434 1352 1636 1396 volumus

211 1439 250 1470 et
283 1427 578 1471 desideramus
614 1426 660 1470 ab
695 1426 799 1470 aliis,
833 1427 980 1471 Nemo
1015 1438 1157 1469 autem
1196 1424 1500 1469 rationabiliter
1530 1424 1636 1481 vult,

210 1511 273 1552 ut,
309 1499 481 1556 quando
516 1500 605 1557 ipse
640 1499 822 1556 propriis
857 1499 1050 1556 pecuniis
1084 1510 1226 1555 potest
1259 1513 1358 1541 suae
1396 1496 1636 1540 necessitati

211 1569 453 1628 subvenire,
485 1570 712 1614 adiuvetur
746 1570 794 1613 ab
830 1570 934 1614 aliis.
972 1571 1041 1613 Sic
1074 1571 1201 1614 etiam
1236 1585 1366 1613 nemo
1401 1569 1635 1614 rationabi-

209 1644 298 1687 liter
331 1642 561 1696 desiderat,
598 1642 715 1701 quod
751 1642 854 1686 dun]
889 1655 1030 1700 potest
1064 1641 1183 1685 facile
1217 1657 1317 1685 suae
1360 1641 1484 1685 saluti
1527 1656 1636 1684 con-—

208 1714 364 1770 sulere,
399 1715 529 1758 alium
565 1730 652 1758 non
686 1714 925 1758 invadendo
954 1715 1131 1768 iniuste,
1159 1713 1433 1757 subveniatur
1464 1712 1512 1756 ab
1546 1712 1635 1756 aliis

208 1785 445 1829 sinentibus
479 1802 523 1828 se
556 1787 712 1829 iniuste
747 1785 902 1839 occidi,
938 1798 984 1828 ut
1017 1787 1107 1828 eius
1141 1785 1264 1828 saluti
1297 1784 1559 1828 consulatur.
1578 1801 1599 1825 >³

328 1858 462 1902 Paulo
496 1871 640 1901 autem
675 1857 850 1900 inferius
886 1857 1001 1901 idem
1036 1870 1186 1901 auctor
1227 1857 1330 1900 haec
1362 1850 1491 1900 addit.
1544 1875 1567 1898 «
1591 1857 1635 1901 Si

208 1931 380 1973 invasor
429 1931 585 1973 iniuste
619 1929 793 1988 quidem
847 1929 1109 1972 materialiter
1156 1929 1338 1987 invadat,
1372 1927 1445 1972 sed
1492 1940 1633 1972 tamen

207 2001 358 2060 absque
392 2002 588 2059 libertate,
625 2014 668 2044 ut
703 2002 738 2044 si
773 2000 914 2044 ebrius
949 2001 1014 2044 vel
1047 2001 1318 2060 phreneticus
1356 2013 1398 2044 te
1445 1999 1632 2053 invadat,

207 2084 248 2115 et
282 2072 451 2116 aliunde
487 2085 668 2130 constet,
688 2088 787 2116 eum
823 2089 914 2116 esse
949 2073 991 2115 in
1014 2085 1124 2116 statu
1160 2073 1336 2130 peccati,
1371 2088 1393 2115 a
1425 2087 1512 2130 quo
1536 2084 1635 2130 post

204 2145 451 2204 phrenesim
484 2145 549 2188 vel
573 2144 819 2188 ebrietatem
855 2145 1011 2202 poterit
1033 2159 1274 2201 resurgere,
1306 2159 1328 2187 e
1361 2155 1508 2187 contra
1530 2159 1633 2188 vero

207 2217 426 2260 moraliter
460 2216 621 2272 credas,
656 2229 696 2260 te
745 2230 839 2260 esse
872 2217 915 2259 in
964 2228 1075 2259 statu
1120 2218 1296 2273 gratiae,
1329 2231 1417 2259 non
1464 2215 1634 2260 videtur

206 2457 484 2493 Callimachum:
511 2469 531 2489 ‹<
550 2458 679 2492 Nonne
707 2457 901 2492 absurdum
929 2465 996 2500 est,
1027 2456 1135 2491 istum
1165 2457 1200 2490 in
1226 2467 1270 2490 eo
1297 2454 1457 2502 periculo
1483 2466 1502 2490 a
1527 2453 1632 2490 vobis

202 2527 323 2564 petere
349 2517 646 2561 misericordiam,
673 2517 767 2564 quod
797 2528 907 2564 penes
935 2518 1052 2562 ipsum
1081 2525 1147 2560 est,
1173 2524 1206 2550 et
1225 2516 1262 2550 in
1291 2514 1388 2562 quod
1415 2525 1454 2550 se
1472 2515 1548 2561 ipse
1567 2526 1632 2550 co-

203 2579 325 2621 niecit,
354 2586 387 2613 et
415 2589 486 2624 quo
514 2579 621 2613 etiam
651 2589 746 2611 nunc
777 2577 918 2612 liberari
945 2575 1092 2622 potest?
1119 2591 1135 2607 ⁷>
