1737 2802
786 117 1051 170 -136-

205 212 342 258 ceteris
370 211 558 270 paribus,
591 210 730 253 melius
753 218 786 252 ct
808 211 936 267 magIS
958 211 1226 264 meritorium,
1248 226 1373 269 quam
1386 212 1524 270 facere
1547 213 1630 259 51'ne

206 293 309 328 voto.
332 284 453 326 Hanc
475 284 695 326 veritatem
719 298 750 325 s.
772 281 971 325 Thomas
995 281 1056 339 (1)
1078 281 1232 340 triplici
1255 298 1306 326 ex
1329 284 1464 341 capite
1487 297 1629 329 osten-

209 356 283 399 dit:
314 374 333 396 «
354 355 492 398 Primo
527 354 720 412 quidem,
756 354 854 411 quia
885 369 1042 397 vovere
1075 367 1138 398 est
1171 367 1288 398 actus
1321 355 1480 414 latriae,
1503 373 1631 416 quae

209 440 271 471 est
300 428 524 485 praecipua
548 427 656 469 inter
688 427 866 469 virtutes
892 425 1089 470 morales,
1112 426 1353 471 Nobilioris
1377 439 1521 472 autem
1547 430 1635 474 vir-

209 501 312 543 tutis
339 512 402 542 est
435 515 543 557 opus
568 498 723 542 melius
743 511 782 542 et
802 499 938 556 magis
963 499 1250 542 meritorium.
1270 499 1396 544 Unde
1428 513 1547 545 actus
1571 503 1634 545 in-

212 572 379 615 ferioris
411 571 585 614 virtutis
620 583 682 634 est
717 570 869 613 melior
903 582 942 613 et
975 571 1113 626 magis
1149 571 1396 615 meritorius
1435 588 1485 616 ex
1532 573 1634 631 hoc,

213 643 331 704 quod
364 644 603 700 imperatur
636 657 657 683 a
690 642 903 699 superiori
944 642 1121 694 virtute,
1158 642 1278 685 cuius
1322 656 1438 686 actus
1482 642 1530 688 fit
1563 661 1638 704 per

213 717 461 774 imperium3
480 715 588 757 sicut
607 725 723 756 actus
747 712 843 757 fidei
877 713 943 756 vel
962 715 1051 772 spei
1070 713 1222 757 melior
1241 727 1321 768 est,
1342 715 1376 758 si
1401 716 1638 774 imperetur

216 805 238 832 a
256 788 469 831 charitate.
490 787 541 829 Et
560 786 656 829 ideo
676 802 805 844 opera
823 786 1000 829 aliarum
1019 787 1230 829 virtutum
1250 786 1479 831 moralium
1498 789 1639 847 (puta,

215 861 419 916 ieiunare,
439 858 555 917 quod
579 871 641 902 est
663 871 779 902 actus
805 858 1095 916 abstinentiae,
1115 871 1155 902 et
1178 860 1412 918 continere,
1435 860 1553 919 quod
1577 873 1641 904 est

216 945 334 977 actus
359 931 576 986 castitatis)
595 943 693 973 sunt
717 930 896 973 meliora
919 942 960 973 et
984 932 1121 988 magis
1145 932 1367 975 meritoria
1405 933 1439 975 si
1462 931 1565 976 fiant
1588 947 1642 976 ex

217 1020 337 1064 voto,
356 1006 454 1064 quia
472 1004 532 1047 sic
555 1004 637 1046 iam
658 1003 870 1060 pertinent
893 1002 943 1046 ad
962 1003 1156 1046 divinum
1182 1004 1360 1059 cultum,
1376 1004 1497 1062 quasi
1515 1020 1644 1062 quae-

220 1081 318 1124 dam
352 1077 434 1121 Dei
457 1075 670 1119 sacrificia.
709 1074 903 1129 Secundo,
929 1075 1027 1132 quia
1062 1074 1130 1119 ille
1164 1077 1236 1134 qui
1270 1089 1397 1120 vovet
1420 1078 1579 1137 aliquid
1606 1094 1646 1125 et

219 1151 333 1206 facit,
347 1148 442 1207 plus
461 1165 504 1191 se
523 1148 618 1190 Deo
638 1146 820 1201 subiicit,
841 1162 968 1204 quam
989 1146 1056 1189 ille
1080 1148 1151 1205 qui
1174 1149 1317 1191 solum
1336 1148 1450 1194 facit:
1475 1150 1647 1195 subiicit

220 1222 337 1266 enim
371 1236 415 1264 se
449 1221 544 1263 Deo
578 1234 665 1262 non
699 1218 840 1262 solum
876 1231 1084 1276 quantum
1118 1219 1169 1263 ad
1202 1232 1360 1277 actum,
1393 1220 1469 1266 sed
1517 1223 1646 1267 etiam

222 1304 431 1351 quantum
466 1290 517 1335 ad
550 1303 826 1349 potestatem,
860 1292 957 1348 quia
983 1290 1034 1334 de
1057 1305 1198 1336 cetero
1235 1309 1323 1337 non
1357 1305 1500 1352 potest
1534 1294 1648 1340 aliud

222 1365 374 1419 facere3
407 1364 518 1406 sicut
552 1362 646 1421 plus
682 1361 798 1406 daret
831 1362 999 1406 homini
1023 1365 1096 1422 qui
1119 1363 1235 1408 daret
1258 1365 1296 1408 ei
1320 1364 1517 1410 arborem
1549 1382 1647 1410 cum

222 1436 445 1494 fructibus,
479 1451 606 1494 quam
656 1435 731 1494 qui
781 1433 896 1478 daret
930 1436 966 1478 ei
1015 1434 1178 1479 fructus
1227 1449 1410 1494 tantum,
1447 1448 1494 1480 ut
1543 1436 1646 1482 dicit

224 1527 259 1556 s.
291 1509 525 1554 Anselmus
559 1508 635 1566 (2).
671 1509 722 1552 Er
754 1508 854 1553 inde
887 1522 968 1563 est,
993 1509 1111 1568 quod
1140 1510 1266 1553 etiam
1292 1509 1648 1568 promittentibus

222 1586 383 1643 gratiae
415 1596 615 1642 aguntur,
649 1595 696 1627 ut
729 1582 892 1627 dictum
926 1595 988 1626 est
1019 1581 1098 1640 (3).
1140 1583 1291 1636 Tertio,
1324 1582 1424 1641 quia
1457 1597 1531 1640 per
1564 1597 1649 1626 vo-

223 1670 319 1701 tum
352 1655 633 1700 immobiliter
666 1653 865 1699 voluntas
898 1653 1092 1697 firmatur
1124 1655 1167 1697 in
1191 1653 1357 1699 bonum
1381 1653 1469 1714 (4).
1492 1654 1649 1698 Facere

229 1932 347 1967 activa
373 1930 415 1965 ad
444 1929 656 1976 oppositum
684 1937 717 1963 et
745 1928 877 1975 absque
904 1927 1099 1962 intrinseca
1125 1926 1427 1962 determinatione
1453 1925 1496 1961 ad
1530 1938 1654 1963 unum.

229 1993 299 2027 Per
325 1992 475 2027 liberum
496 1990 679 2024 arbitrium
702 1988 750 2031 fit,
771 1998 808 2024 ut
825 1988 1007 2022 humanae
1034 1988 1195 2023 actiones
1213 1987 1285 2021 sint
1303 1986 1517 2034 imputabiles
1534 1985 1658 2033 agenti

233 2065 273 2089 ac
299 2051 508 2087 meritoriae.

327 2112 382 2158 (1)
407 2112 446 2147 L.
470 2122 566 2156 saep.
596 2110 656 2144 cit.
680 2117 744 2143 art.
769 2105 803 2143 6.

328 2172 380 2217 (2)
407 2171 446 2205 In
474 2169 535 2205 lib.
563 2169 606 2203 de
631 2166 857 2203 similitudin.
886 2178 916 2202 c.
943 2167 999 2209 84.

328 2231 381 2278 (3)
408 2231 449 2265 In
476 2237 539 2264 art.
567 2227 732 2275 praeced.
762 2227 805 2261 ad
834 2233 899 2269 2¹¹¹„
930 2227 991 2261 ubi
1015 2225 1104 2261 haec
1131 2226 1323 2261 habentur:
1355 2239 1373 2256 «ι
1392 2224 1471 2267 Ille,
1500 2223 1560 2270 qui
1580 2232 1662 2270 pro-

233 2292 357 2333 mittit,
386 2291 600 2336 inquantum
627 2298 665 2322 se
699 2286 838 2333 obligit
865 2285 907 2321 ad
945 2285 1120 2328 dandum,
1152 2285 1223 2320 iarn
1263 2283 1539 2332 quodammodo
1578 2281 1654 2317 dat:

232 2351 324 2387 sicut
351 2349 482 2384 dicitur
509 2348 580 2382 fieri
608 2345 754 2394 aliquid,
781 2358 863 2381 cum
893 2345 929 2380 fit
955 2356 1074 2388 causa,
1101 2345 1182 2392 quia
1210 2343 1363 2380 effectus
1399 2343 1532 2379 virtute
1569 2352 1664 2377 con-

233 2411 370 2446 tinetur
396 2409 431 2442 in
459 2418 575 2442 causa.
603 2408 644 2442 Et
671 2406 755 2441 inde
774 2414 838 2449 est,
865 2404 961 2453 quod
981 2416 1053 2440 non
1082 2404 1203 2439 solum
1233 2403 1343 2447 danti,
1362 2402 1424 2438 sed
1455 2402 1562 2437 etiam
1581 2411 1666 2447 pro-

237 2470 395 2507 mittenti
422 2469 555 2513 gratiae
582 2475 782 2514 aguntur.»

333 2530 386 2575 (4)
414 2529 534 2564 Dices:
564 2526 709 2573 quando
736 2526 853 2572 agitur
878 2525 922 2560 de
949 2535 1058 2571 opere
1084 2531 1286 2570 praecepto,
1313 2522 1385 2556 iam
1426 2520 1474 2555 ob
1512 2529 1664 2566 praece-

239 2599 340 2637 ptum
365 2587 533 2623 voluntas
559 2596 612 2622 est
639 2586 779 2621 firmata
806 2586 841 2619 in
869 2585 1020 2626 bonurn3
1049 2595 1110 2618 cur
1135 2594 1224 2629 ergo
1251 2581 1349 2618 aliud
1375 2579 1518 2616 additur
1543 2578 1666 2614 firma-

1678 0 1737 190 i

1724 190 1737 232 ἓ

1727 233 1737 251 r.

1729 255 1737 262 ,
