1737 2802
39 0 196 23 *Wit‘ff's-sss‘
208 0 269 13 »uste
311 1 339 12 ιτ,
398 7 415 19 Δ,
453 12 456 15 .
514 0 540 15 ,-

0 0 117 60 &vifis
130 18 183 50 ³:32?
265 18 271 23 ⁷
286 20 315 50 '1²5
334 18 353 37 ’Υ
373 29 375 32 ’

3 49 111 79 ,ΪὲεῐζὲΞἫ
155 49 212 76 *³⁵⁷ss
229 51 239 79 J

44 218 46 220 ·
82 201 216 247 solius
234 200 330 244 facti
349 213 413 244 est
431 215 547 244 mera
564 203 738 259 negatio
755 201 941 259 appositi
963 199 1260 258 impedimenti
1280 217 1355 245 seu
1376 198 1497 245 mera

83 272 254 329 negatio
286 271 443 329 operis,
476 287 562 329 quo
597 284 742 330 posset
775 271 932 329 aliquid
965 271 1191 315 efficaciter
1238 285 1278 315 et
1327 273 1504 330 physice

84 344 285 403 impediri
319 343 397 403 (1)
428 344 533 401 Ia'm,
565 346 600 387 si
634 344 736 387 haec
769 344 858 387 sola
890 345 1120 402 permissio
1153 343 1278 400 adsit,
1303 360 1390 387 non
1424 344 1503 386 ha-

84 415 221 473 betur,
245 428 291 458 ut
314 428 443 473 patet,
462 418 542 460 ius:
561 432 682 460 secus
703 417 840 469 enim,
861 432 959 459 cum
978 417 1094 459 Deus
1113 417 1308 474 quamvis
1332 416 1511 473 physice

85 487 293 545 impedire
309 490 465 546 possit,
485 504 570 532 non
589 500 732 531 tamen
749 487 800 531 de
824 487 932 531 facto
948 487 1152 546 impediat
1177 487 1353 545 physice
1373 487 1507 530 multa

84 571 270 616 peccata,
292 558 521 602 dicendum
536 558 645 602 soret
658 558 822 602 homini
844 560 908 601 ius
928 559 1064 602 inesse
1079 559 1129 602 ad
1147 575 1194 602 ea
1207 558 1500 616 perpetranda,

87 629 205 688 quod
237 643 300 674 est
333 647 432 674 sane
466 630 712 674 absurdum.
747 631 862 688 Ergo
886 643 930 673 ut
954 629 1155 673 habeatur
1178 631 1258 683 ius,
1277 630 1512 687 requiritur

85 702 313 759 permissio
345 702 464 759 legis,
498 715 538 745 et
571 701 619 744 ab
654 701 729 747 hac
776 701 883 758 legis
916 702 1201 759 permissione
1246 702 1311 743 ius
1350 700 1510 758 depen-

87 771 322 816 det.—-At
354 788 500 816 rursus
534 772 689 830 duplex
724 771 1004 829 distinguitur
1036 773 1264 830 permissio
1289 771 1397 829 legis
1434 788 1508 815 seu

86 843 219 886 iuris:
253 858 407 900 nempe
440 858 522 885 una
555 859 655 886 mere
687 845 891 900 negativa,
927 844 1163 886 consistens
1188 845 1229 886 in
1264 844 1352 886 sola
1376 859 1509 900 nega-

49 970 52 971 ⁷
84 914 204 956 tione
238 914 450 972 praecepti
485 927 525 956 et
559 913 878 971 prohibitionis,
907 914 1035 957 altera
1053 915 1242 972 positiva,
1268 915 1507 957 consistens

85 986 128 1027 in
161 984 303 1042 aliquo
337 996 497 1027 statuto
534 1000 608 1027 seu
644 984 832 1036 decreto,
878 1001 963 1043 quo
1013 986 1197 1042 positive
1246 984 1513 1042 stabiliatur,

86 1056 169 1100 hoc
201 1056 265 1099 vel
300 1056 401 1100 illud
435 1072 526 1100 esse
561 1058 835 1114 permissum.
870 1058 1065 1101 Iamvero
1101 1071 1146 1100 ut
1180 1059 1245 1100 ius
1289 1057 1508 1113 habeatur,

86 1129 317 1186 requiritur
350 1127 451 1171 haec
485 1127 610 1171 altera
642 1129 872 1185 permissio
895 1128 1012 1186 legis:
1040 1129 1152 1186 dico,
1171 1129 1263 1186 legis
1288 1130 1329 1172 in
1359 1144 1511 1185 genere,

86 1201 114 1243 i.
148 1215 184 1243 e.
219 1199 283 1243 vel
316 1201 523 1257 positivae
555 1200 621 1244 vel
661 1200 875 1245 naturalis.
925 1202 1004 1244 Fac
1052 1216 1087 1244 e.
1121 1216 1161 1258 g.
1211 1200 1371 1243 nullam
1420 1216 1514 1243 esse

85 1271 225 1328 legem
260 1271 428 1314 civilem
463 1272 779 1329 prohibentem,
813 1265 866 1314 ne
901 1288 1016 1315 arma
1050 1284 1288 1330 gestentur,
1321 1274 1513 1329 itemque

85 1342 246 1386 nullam
279 1359 370 1386 esse
405 1343 572 1387 civilem
615 1338 774 1401 legem:
804 1356 1078 1401 statuentem,
1109 1344 1153 1387 id
1188 1359 1280 1387 esse
1325 1345 1512 1401 permis-

85 1430 195 1459 sum.
230 1416 365 1459 Deest
397 1415 570 1473 quidem
603 1415 684 1458 hoc
718 1417 760 1458 in
796 1432 892 1458 casu
919 1417 1099 1474 positiva
1134 1417 1363 1473 permissio
1397 1416 1509 1472 legis

84 1487 230 1541 civilis,
250 1502 337 1530 non
369 1487 487 1530 deest
519 1499 662 1530 tamen
688 1488 870 1545 positiva
894 1488 1124 1545 permissio
1144 1489 1248 1545 legis
1283 1488 1504 1531 naturalis.

39 1598 43 1602 .
87 1558 270 1603 Eatenus
303 1560 418 1603 enim
452 1559 522 1602 tali
546 1560 588 1602 in
622 1559 852 1617 hypothesi
887 1561 951 1602 ius
986 1558 1120 1602 habeo
1154 1559 1349 1616 gestandi
1379 1575 1511 1615 arma,

87 1643 295 1688 quatenus
329 1631 407 1674 etsi
441 1630 605 1673 nullum
641 1631 694 1673 sit
726 1630 833 1687 legis
868 1629 1002 1673 civilis
1052 1629 1302 1685 decretum,
1338 1645 1424 1688 quo
1473 1629 1514 1673 id

86 1702 274 1759 positive
307 1701 575 1757 concedatur,
608 1701 691 1744 hoc
722 1715 866 1744 tamen
900 1714 1039 1744 exstat
1072 1701 1178 1758 legis
1202 1701 1402 1744 naturalis
1437 1701 1506 1744 di-

91 1784 256 1816 ctamen
291 1773 472 1830 positive
506 1774 715 1829 sanciens,
750 1772 792 1815 id
825 1787 954 1815 omne
987 1788 1079 1815 esse
1103 1773 1378 1830 permissum,
1398 1771 1515 1829 quod

90 1860 188 1888 cum
222 1845 450 1887 intrinsece
484 1843 644 1887 malum
679 1859 766 1887 non
800 1844 870 1900 sit,
903 1859 924 1886 a
967 1843 1081 1886 nulla
1125 1844 1299 1901 insuper
1332 1843 1514 1900 positiva

88 1916 181 1974 lege
215 1915 480 1973 prohibetur.
518 1916 666 1968 Quare
701 1917 929 1973 positivam
963 1917 1294 1974 permissionem
1339 1914 1516 1958 alicuius

89 1986 194 2044 legis
220 2002 390 2044 semper
425 1987 490 2029 ius
525 1987 849 2044 praesupponit,
872 1986 920 2029 ab
955 2002 1086 2044 eaque
1120 1985 1330 2044 dependet
1367 1986 1408 2027 in
1442 2000 1516 2027 sua

90 2057 323 2100 existentia.

213 2128 297 2187 2.⁰)
330 2130 567 2186 Arguimus
601 2129 790 2173 secundo
825 2146 875 2172 ex
909 2141 1135 2187 potestate,
1161 2144 1244 2186 qua
1278 2130 1342 2172 ius
1367 2128 1516 2186 pollet,

93 2198 311 2258 obligandi
346 2213 509 2244 ceteros
545 2200 595 2244 ad
628 2200 913 2244 omittendam
949 2201 1013 2243 vel
1047 2199 1288 2258 ponendam
1332 2199 1518 2257 aliquam

188 2433 246 2478 (1)
274 2431 329 2468 Cf.
356 2433 499 2475 Suarez‚
526 2432 568 2467 de
596 2432 663 2479 leg.
693 2432 715 2467 l.
747 2443 774 2466 1.
801 2443 831 2466 c.
864 2442 927 2475 15„
954 2432 1013 2467 ubi
1042 2432 1199 2479 inquirit,
1230 2443 1273 2466 an
1310 2441 1409 2467 recte
1447 2442 1519 2465 nu-

91 2501 278 2528 merentur
303 2500 459 2538 quatuor
485 2491 632 2527 effectus
649 2492 705 2527 vel
733 2501 832 2526 actus
859 2491 960 2538 legis,
983 2492 1199 2538 prascipere‚
1224 2491 1416 2538 prohibere,
1435 2497 1518 2537 per-

93 2552 238 2592 mittere,
252 2552 388 2599 punire,
415 2561 449 2586 et
477 2551 664 2598 quomodo
692 2552 734 2586 ab
761 2551 822 2586 illa
848 2550 951 2585 fiant.
978 2549 1033 2585 Cf.
1061 2551 1168 2585 etiam
1197 2549 1219 2584 1.
1248 2550 1308 2584 IX.
1336 2561 1412 2596 cap.
1439 2547 1472 2584 6.
