1737 2802
792 85 1056 115 —220—

208 186 314 214 num
348 182 388 212 et
423 168 663 227 perfectum
700 167 825 212 habet
858 183 1006 212 earum
1042 169 1240 211 omniurn
1271 168 1519 214 dominium
1552 169 1639 230 (1‘):

210 243 320 285 sicut
344 241 584 299 plantarum
610 253 735 299 atque
769 239 1038 298 animalium,
1062 241 1120 284 ita
1151 241 1280 284 etiam
1304 242 1413 285 vitae
1447 241 1638 286 hominis
1666 261 1669 264 ⁴

212 315 432 360 absolutus
467 326 530 358 est
576 313 793 357 dominus.
828 339 886 347 —
920 313 1089 357 Tamen
1137 313 1274 357 homo
1321 313 1433 358 licite
1480 326 1641 373 potest,

211 402 300 430 non
333 386 416 429 iam
450 384 760 429 tantummodo
794 386 854 428 uti
890 385 1042 444 plantis
1076 397 1116 428 et
1165 386 1435 442 animalibus,
1467 386 1544 432 sed
1588 387 1640 431 de

211 460 261 502 iis
296 473 469 516 quoque
512 458 733 516 disponere,
777 456 948 502 arbores
997 457 1219 503 evellendo
1264 472 1305 503 et
1350 458 1639 514 destruendo,

212 529 409 574 animalia
442 528 714 573 vulnerando
749 541 790 573 et
823 529 1076 573 occidendo.
1113 530 1205 574 Cur
1250 546 1355 589 ergo
1398 548 1640 591 numquam

211 601 326 646 licite
359 614 501 659 potest
534 600 585 644 de
617 602 703 645 vita
736 617 812 644 sua
845 601 1090 660 disponere,
1125 618 1257 661 seque
1299 603 1580 648 interimere?

332 676 446 718 Huic
478 675 719 733 quaestioni
752 690 841 718 non
873 674 993 718 fieret
1026 676 1144 730 satis,
1174 675 1256 719 hoc
1290 675 1542 734 simpliciter
1574 692 1642 721 re—

210 747 482 806 spondendo,
517 748 614 806 quia
649 749 761 792 Deus
792 756 849 791 est
879 757 1038 791 nostrae
1073 749 1183 792 vitae
1207 748 1410 793 dominus.
1445 749 1572 807 Nam,
1596 761 1643 793 ut

211 819 314 877 dixi,
348 836 480 878 aeque
513 833 577 864 est
611 818 792 863 aliarum
827 835 973 863 rerum
1009 819 1229 877 dominus,
1258 836 1293 864 e.
1317 837 1359 879 g.
1382 820 1540 865 horum
1565 838 1643 880 po-

211 907 403 949 morum,
436 893 535 949 agni
569 891 712 936 huius:
746 907 886 950 neque
919 891 961 936 id
994 905 1138 936 tamen
1171 892 1371 951 impedit,
1407 894 1642 952 quominus

210 963 278 1006 illa
312 980 442 1021 poma
475 963 615 1021 edere,
656 980 820 1021 agnum
864 963 985 1008 illum
1030 963 1264 1008 interficere
1312 965 1426 1009 licite
1472 981 1642 1024 queam.

211 1036 377 1081 Eodem
413 1039 545 1095 igitur
578 1050 717 1096 pacto,
750 1038 834 1082 hoc
875 1040 1198 1095 tantummodo,
1234 1043 1370 1085 Deum
1411 1055 1490 1084 esse
1533 1055 1643 1084 meae

212 1110 319 1153 vitae
352 1109 581 1163 dominum,
617 1111 699 1152 nisi
733 1109 893 1168 aliquid
928 1110 1043 1155 aliud
1077 1111 1220 1167 addas,
1253 1128 1342 1156 non
1377 1111 1540 1170 probat,
1574 1128 1644 1157 me

212 1182 339 1224 certis
374 1182 416 1224 in
453 1181 619 1225 casibus
652 1181 790 1241 (dico,
826 1185 944 1227 certis
978 1185 1019 1227 in
1054 1184 1228 1229 casibus:
1262 1200 1394 1229 omne
1427 1186 1543 1229 enirn
1576 1186 1642 1229 ius

212 1252 338 1297 debet
370 1254 675 1298 rationabiliter
710 1257 910 1313 exerceri)
935 1272 1023 1299 non
1048 1273 1176 1314 posse
1209 1256 1321 1301 licite
1345 1273 1486 1302 meam
1509 1259 1643 1302 vitam

213 1325 445 1372 destruere.
472 1344 527 1353 ··-
552 1327 701 1380 Quare
735 1329 975 1385 quaestioni
1004 1328 1064 1371 illi
1097 1330 1157 1372 sic
1180 1342 1243 1373 est
1273 1329 1643 1388 respondendum,

210 1399 307 1458 quia
339 1399 465 1455 Dens,
491 1417 581 1444 cnm
603 1416 741 1444 rerum
774 1402 957 1444 omnium
977 1402 1028 1444 sit
1052 1401 1256 1455 dominus,
1278 1403 1449 1460 plantas
1481 1402 1644 1461 quidem

212 1480 249 1514 et
282 1470 424 1515 bestias
456 1472 639 1531 aliasque
673 1487 734 1516 res
781 1472 946 1516 subiecit
979 1473 1101 1517 libero
1151 1465 1546 1528 hominis'arhitrw,
1579 1475 1645 1519 sed

211 1545 368 1588 homini
400 1562 478 1589 non
512 1545 678 1604 reliquit
706 1545 931 1589 arbitrium
964 1546 1071 1589 vitae
1103 1561 1215 1591 suae.
1241 1546 1424 1604 Optima
1466 1547 1644 1606 quidem

213 1630 277 1660 est
310 1618 413 1662 haec
446 1619 694 1676 responsio,
717 1617 953 1676 eademque
988 1618 1235 1662 clarissima.
1261 1621 1370 1665 Rem
1395 1620 1511 1663 enim
1545 1619 1643 1664 alie-

213 1707 311 1735 nam
349 1690 570 1734 destruere
598 1690 709 1733 licite
744 1706 941 1748 possum,
966 1691 999 1733 si
1023 1692 1114 1735 eius
1149 1692 1352 1736 dominus
1388 1708 1486 1736 meo
1509 1691 1643 1737 libero

214 1762 388 1807 arbitrio
434 1778 527 1806 eam
578 1762 804 1820 relinquat,
838 1778 924 1806 non
974 1779 1170 1821 possum,
1207 1766 1240 1808 si
1283 1781 1372 1809 non
1421 1765 1642 1823 relinquat:

213 1835 257 1878 id
292 1834 443 1892 facere,
467 1835 578 1878 actio
613 1846 676 1877 est
700 1836 743 1877 in
779 1850 814 1878 se
840 1834 963 1892 mala,
988 1836 1256 1895 proindeque
1285 1835 1334 1880 ab
1363 1836 1431 1880 illa
1464 1836 1642 1881 naturali

213 1907 307 1965 lege
340 1905 567 1964 prohibita,
604 1922 713 1964 quae
746 1908 935 1950 actiones
970 1924 1123 1952 omnes
1157 1909 1201 1952 in
1234 1925 1279 1952 se
1303 1908 1432 1952 malas
1465 1921 1592 1954 vetat.

335 1979 432 2033 Sed,
481 1995 685 2037 quaeres,
741 1979 959 2023 undenam
1003 1979 1087 2024 hoc
1137 1994 1318 2039 constat,
1363 1982 1534 2037 Deum,
1571 1981 1643 2040 qui

213 2051 312 2095 alias
347 2067 427 2105 res,
461 2052 523 2094 uti
557 2053 738 2095 omnino
778 2065 1052 2110 compertum
1075 2066 1140 2097 est
1174 2052 1260 2112 (2),
1284 2053 1418 2097 libero
1453 2053 1643 2097 hominis

211 2123 390 2167 arbitrio
423 2123 619 2177 subiecit,
656 2123 823 2168 homini
856 2126 966 2168 vitae
1011 2142 1110 2169 suae
1145 2125 1367 2169 arbitrium
1400 2142 1489 2170 non
1538 2125 1642 2169 reli-

308 2325 365 2370 (1)
393 2326 494 2360 quta
523 2327 610 2361 illud
638 2329 693 2362 Ps.
720 2328 834 2363 XXH.
868 2339 909 2364 1.:
942 2341 959 2359 «
977 2329 1133 2363 Domini
1159 2337 1211 2363 est
1250 2337 1343 2364 terra
1380 2336 1416 2363 'et
1454 2326 1642 2374 plenitudo

211 2388 301 2429 eius,
327 2388 422 2421 orbis
449 2396 628 2422 terrarum
648 2398 682 2423 et
703 2389 857 2423 universi
887 2389 945 2436 qui
966 2389 1129 2424 habitant
1148 2390 1184 2423 in
1212 2401 1265 2424 ea.
1286 2404 1303 2420 »
1332 2409 1379 2415 —-
1396 2389 1452 2423 De
1477 2388 1548 2422 hoc
1574 2387 1644 2422 Dei

211 2446 377 2482 dominio
406 2446 451 2481 cf.
480 2447 522 2482 de
550 2448 666 2494 Lugo,
694 2460 754 2495 op.
783 2450 843 2484 cit.
875 2449 968 2495 disp.
993 2450 1037 2485 11.
1067 2459 1153 2485 sect.
1183 2460 1209 2484 1.
1238 2460 1338 2484 num.
1371 2458 1403 2492 4.

305 2506 360 2552 (2)
388 2507 421 2541 S.
452 2506 628 2550 Thomas,
658 2508 693 2551 in
723 2518 753 2544 2.
782 2519 813 2543 2.
840 2521 872 2556 q.
899 2508 952 2551 64.
981 2521 1013 2544 a.
1048 2521 1087 2552 1.‚
1115 2520 1157 2543 ex
1186 2507 1319 2555 duplici
1356 2508 1485 2554 capite,
1511 2519 1643 2554 nempe

213 2577 255 2600 ex
281 2565 466 2612 principiis
492 2567 643 2602 rationis
671 2577 703 2603 et
731 2579 773 2602 ex
801 2568 1034 2612 revelatione,
1061 2569 1200 2615 probat,
1227 2568 1384 2604 viventia
1411 2579 1489 2603 esse
1516 2580 1535 2603 a
1561 2568 1642 2603 Deo
