1737 2802
707 107 975 150 —281—

90 198 93 201 ⁵
124 203 326 246 munistae
359 202 432 262 (1).
469 203 691 260 Quorum,
724 215 771 246 ut
804 219 956 247 omnes
988 202 1122 261 probe
1150 204 1307 258 sciunt,
1342 201 1446 246 haec
1487 215 1550 246 est

132 274 346 316 unanimis
378 289 478 330 νοΧ,
512 274 755 318 dominium
797 276 1012 332 privatum
1062 274 1113 318 de
1161 273 1287 318 rebus
1335 273 1556 318 stabilibus

130 359 227 388 esse
256 345 511 388 iniustitiam
545 358 672 403 atque
694 359 883 403 apertam
916 346 1023 403 legis
1047 345 1247 389 naturalis
1271 345 1554 389 violationem

124 415 388 472 (secundum
423 416 505 460 hoc
538 418 667 460 nimis
702 418 865 462 celebre
907 417 1098 475 effatum,
1131 418 1172 461 la
1216 418 1420 475 proprie'te'
1448 417 1477 460 ε’
1499 426 1556 460 est

134 487 166 530 Ie
197 488 302 546 vol):
337 488 441 531 illud
475 488 656 546 proinde
698 505 790 532 esse
824 506 846 533 6
879 489 1026 533 medio
1073 505 1252 548 prorsus
1300 489 1556 545 tollendum,

130 559 360 619 solumque
394 561 665 604 retinendum
700 577 793 605 esse
826 561 1071 605 dominium
1107 576 1355 604 commune.
1380 561 1487 618 Agri
1512 572 1552 603 et

134 631 252 676 fundi
286 632 387 687 (hoc
420 648 544 690 saepe
593 632 794 675 affirmari
843 633 1059 688 audimus)
1092 647 1180 675 non
1230 644 1412 689 possunt
1463 647 1556 675 esse

133 704 294 761 proprii
329 702 455 746 ullius
489 703 699 746 individui
723 705 787 747 vel
821 704 1017 747 familiae:
1042 704 1069 746 ii
1094 705 1208 747 enim
1244 705 1357 746 iuxta
1380 716 1556 746 naturae

128 775 413 818 intentionem
464 776 679 832 pertinent
728 774 942 818 exclusive
976 775 1026 818 ad
1060 776 1421 818 communitatem
1471 773 1558 816 hu-

130 861 301 890 manam
336 846 402 890 vel
436 849 692 890 societatem
718 847 904 900 civilem,
939 863 1048 905 quae
1080 847 1204 906 (haec
1227 848 1357 906 aliqui
1380 847 1558 904 addunt)

129 933 204 977 per
237 934 339 961 suos
375 919 652 975 magistratus
686 918 810 961 debet
858 919 986 961 sociis
1041 918 1267 962 attribuere
1300 932 1462 976 partem
1514 931 1558 961 ut

129 991 272 1035 oneris
307 1004 346 1034 et
386 990 540 1034 laboris
589 992 631 1033 in
677 990 839 1033 bonum
890 1006 1125 1034 commune
1175 991 1468 1048 impendendi,
1504 991 1558 1033 ita

128 1062 290 1105 fructus
324 1075 364 1105 et
399 1062 590 1105 utilitatis
625 1079 675 1105 ex
709 1062 833 1106 bonis
868 1062 1174 1106 communibus
1215 1063 1499 1119 recipiendae.

250 1135 311 1176 En
346 1134 476 1190 igitur
521 1136 734 1191 quaestio,
770 1150 877 1192 quae
912 1136 1018 1177 circa
1063 1134 1145 1177 hoc
1179 1134 1230 1177 de
1265 1134 1462 1178 dominio
1488 1150 1558 1177 ar-

131 1217 390 1262 gumentum
441 1207 665 1262 praecipue
714 1205 929 1248 tractanda
963 1218 1026 1249 est
1076 1207 1117 1248 in
1157 1205 1309 1248 morali
1360 1205 1558 1263 philoso-

130 1275 242 1333 phia:
278 1275 470 1319 dominia
503 1277 665 1334 privata
699 1292 844 1320 rerum
887 1278 1015 1320 etiam
1060 1276 1351 1320 immobilium
1404 1290 1559 1322 suntne

129 1364 151 1391 a
184 1360 332 1390 natura
381 1363 432 1390 an
479 1363 583 1390 vero
633 1361 780 1391 contra
830 1361 1042 1405 naturam,
1075 1364 1182 1406 quae
1229 1349 1404 1406 scilicet,
1440 1351 1474 1392 si
1509 1349 1560 1394 de

128 1418 254 1462 rebus
288 1418 509 1462 stabilibus
539 1434 684 1462 sermo
709 1421 776 1477 sit,
800 1419 944 1463 solum
979 1420 1165 1464 admittit
1188 1420 1436 1464 dominium
1471 1421 1560 1464 col-

119 1491 344 1546 lectivum,
381 1504 425 1534 ut
458 1505 656 1534 asserunt
690 1493 1022 1548 communistae‚
1056 1493 1221 1549 privato
1273 1509 1454 1550 prorsus
1489 1509 1560 1536 re-

138 1563 278 1605 iecto?
310 1562 589 1606 Affirmamus
624 1576 781 1620 autem,
814 1580 860 1606 ea
894 1564 1075 1606 omnino
1109 1580 1202 1606 esse
1235 1580 1256 1607 a
1294 1577 1461 1622 natura,
1485 1581 1558 1608 seu

131 1650 153 1676 a
184 1632 278 1690 lege
312 1634 452 1676 divina
491 1634 686 1685 naturali,
722 1650 828 1692 quae
864 1635 1045 1692 proinde
1089 1647 1152 1678 est
1199 1635 1382 1678 dominii
1431 1635 1560 1680 huius

136 1707 287 1764 privati
312 1707 412 1764 fons
447 1708 611 1764 primus
647 1707 925 1764 primumque
954 1708 1205 1765 principium
1237 1707 1322 1765 (2).

244 1779 313 1821 81.
352 1779 739 1822 DEMONSTRATIO.
775 1779 806 1822 I.
844 1780 960 1821 Haec
993 1779 1125 1822 thesis
1161 1779 1366 1836 probatur
1400 1781 1443 1823 in
1469 1782 1562 1838 pri-

129 1852 210 1893 mis
243 1866 268 1893 a
299 1851 528 1908 posteriori,
563 1866 636 1893 seu
671 1867 721 1892 ex
752 1849 864 1892 facto
899 1851 1125 1893 universali
1160 1863 1201 1894 et
1235 1853 1460 1895 constanti.

248 1924 455 1966 Dominia
479 1925 638 1980 privata
664 1939 807 1965 rerum
843 1923 969 1965 etiam
1005 1922 1221 1966 stabilium
1247 1924 1356 1966 sicut
1380 1939 1493 1966 nunc
1517 1925 1560 1967 in

120 1993 270 2036 ,medio
300 1994 489 2036 cuiusvis
515 1994 650 2036 civilis
677 1994 892 2036 societatis
918 1994 1118 2050 existunt,
1143 1995 1198 2037 ita
1224 1995 1428 2038 anteactis
1451 2007 1561 2038 tem-

221 2216 272 2261 (ι)
300 2216 355 2250 De
380 2216 451 2251 hoc
479 2216 575 2251 inter
600 2228 637 2251 se
666 2216 889 2251 conveniunt
935 2217 1185 2259 commuuistae,
1224 2215 1385 2250 dominia
1425 2215 1565 2262 privata

127 2285 204 2310 esse
229 2275 435 2316 latrocinia,
468 2275 589 2309 solum
629 2274 858 2310 retinendum
899 2285 977 2308 esse
1016 2273 1220 2309 dominium
1261 2285 1470 2309 commune.
1507 2275 1562 2309 De

127 2334 239 2369 modo
266 2343 387 2368 autem
418 2345 479 2369 seu
501 2334 639 2379 for-mv,
672 2335 738 2368 snb
767 2334 1066 2382 qua‘dominium
1094 2334 1163 2368 hoc
1203 2345 1400 2369 commune
1435 2334 1477 2369 sit
1519 2334 1564 2368 ad

125 2393 294 2429 effectum
324 2393 581 2435 reducendum,
616 2395 772 2428 maxime
799 2396 892 2427 inter
919 2404 956 2427 se
983 2393 1210 2428 dissentiunt.

222 2452 278 2497 (2)
306 2452 443 2487 Recole
481 2464 535 2494 ea,
556 2464 646 2499 quae
666 2453 822 2488 diximus
839 2465 946 2500 supra
972 2453 1063 2489 thes.
1093 2455 1133 2488 II.
1153 2466 1236 2501 pag.
1262 2463 1323 2498 31„
1343 2454 1385 2489 de
1406 2454 1563 2500 quinque

119 2511 318 2547 elementis
346 2512 379 2546 in
411 2513 540 2558 quovis
574 2513 649 2547 iure
676 2512 960 2555 considerandis,
977 2514 1164 2560 principio,
1183 2515 1341 2556 materia,
1363 2513 1472 2555 titulo,
1490 2515 1565 2548 sul·-

125 2571 226 2614 λκιο,
254 2573 413 2606 termino.
