<?xml version="1.0" encoding="UTF-8"?>
<!DOCTYPE html PUBLIC "-//W3C//DTD XHTML 1.0 Transitional//EN"
    "http://www.w3.org/TR/xhtml1/DTD/xhtml1-transitional.dtd">
<html xmlns="http://www.w3.org/1999/xhtml" xml:lang="en" lang="en">
 <head>
  <title>
</title>
<meta http-equiv="Content-Type" content="text/html;charset=utf-8" />
  <meta name='ocr-system' content='tesseract 3.04.00' />
  <meta name='ocr-capabilities' content='ocr_page ocr_carea ocr_par ocr_line ocrx_word'/>
</head>
<body>
  <div class='ocr_page' id='page_1' title='image "./institutionesphi02ferr_0202.png"; bbox 0 0 1737 2802; ppageno 0'>
   <div class='ocr_carea' id='block_1_1' title="bbox 1502 0 1737 207">
    <p class='ocr_par' dir='ltr' id='par_1_1' title="bbox 1502 0 1737 207">
     <span class='ocr_line' id='line_1_1' title="bbox 1502 0 1737 207; baseline 0 2595"><span class='ocrx_word' id='word_1_1' title='bbox 1502 0 1737 207; x_wconf 95' lang='lat' dir='ltr'> </span> 
     </span>
    </p>
   </div>
   <div class='ocr_carea' id='block_1_2' title="bbox 791 127 1055 170">
    <p class='ocr_par' dir='ltr' id='par_1_2' title="bbox 791 127 1055 170">
     <span class='ocr_line' id='line_1_2' title="bbox 791 127 1055 170; baseline 0.004 -24"><span class='ocrx_word' id='word_1_2' title='bbox 791 127 1055 170; x_wconf 70' lang='lat'>..192-</span> 
     </span>
    </p>
   </div>
   <div class='ocr_carea' id='block_1_3' title="bbox 211 209 1703 2299">
    <p class='ocr_par' dir='ltr' id='par_1_3' title="bbox 212 209 1643 342">
     <span class='ocr_line' id='line_1_3' title="bbox 212 209 1643 267; baseline 0.003 -17"><span class='ocrx_word' id='word_1_3' title='bbox 212 209 354 252; x_wconf 81' lang='lat' dir='ltr'>subire</span> <span class='ocrx_word' id='word_1_4' title='bbox 387 209 538 252; x_wconf 84' lang='lat' dir='ltr'>volunt</span> <span class='ocrx_word' id='word_1_5' title='bbox 575 225 651 267; x_wconf 86' lang='lat' dir='ltr'>pro</span> <span class='ocrx_word' id='word_1_6' title='bbox 685 225 833 253; x_wconf 86' lang='lat' dir='ltr'>amore</span> <span class='ocrx_word' id='word_1_7' title='bbox 866 211 1080 267; x_wconf 77' lang='lat' dir='ltr'>scientiae,</span> <span class='ocrx_word' id='word_1_8' title='bbox 1109 211 1229 254; x_wconf 88' lang='lat' dir='ltr'>cuius</span> <span class='ocrx_word' id='word_1_9' title='bbox 1252 223 1396 255; x_wconf 85' lang='lat' dir='ltr'>tamen</span> <span class='ocrx_word' id='word_1_10' title='bbox 1419 209 1643 255; x_wconf 85' lang='lat' dir='ltr'>mentibus</span> 
     </span>
     <span class='ocr_line' id='line_1_4' title="bbox 213 281 1369 342; baseline 0.004 -20"><span class='ocrx_word' id='word_1_11' title='bbox 213 281 442 323; x_wconf 83' lang='lat' dir='ltr'>hominum</span> <span class='ocrx_word' id='word_1_12' title='bbox 477 281 710 325; x_wconf 74' lang='lat' dir='ltr'>naturalem</span> <span class='ocrx_word' id='word_1_13' title='bbox 747 283 866 326; x_wconf 87' lang='lat' dir='ltr'>Deus</span> <span class='ocrx_word' id='word_1_14' title='bbox 901 284 1079 326; x_wconf 85' lang='lat' dir='ltr'>inseruit</span> <span class='ocrx_word' id='word_1_15' title='bbox 1113 284 1369 342; x_wconf 85' lang='lat' dir='ltr'>appetitum.</span> 
     </span>
    </p>

    <p class='ocr_par' dir='ltr' id='par_1_4' title="bbox 211 352 1703 1499">
     <span class='ocr_line' id='line_1_5' title="bbox 334 352 1637 414; baseline 0.004 -19"><span class='ocrx_word' id='word_1_16' title='bbox 334 352 558 396; x_wconf 75' lang='lat' dir='ltr'>Secmzdum</span> <span class='ocrx_word' id='word_1_17' title='bbox 592 354 900 397; x_wconf 73' lang='lat' dir='ltr'>inconveniens</span> <span class='ocrx_word' id='word_1_18' title='bbox 934 368 1013 411; x_wconf 87' lang='lat' dir='ltr'>est,</span> <span class='ocrx_word' id='word_1_19' title='bbox 1048 355 1164 413; x_wconf 86' lang='lat' dir='ltr'>quod</span> <span class='ocrx_word' id='word_1_20' title='bbox 1198 355 1274 414; x_wconf 77' lang='lat' dir='ltr'>illi,</span> <span class='ocrx_word' id='word_1_21' title='bbox 1305 356 1378 414; x_wconf 88' lang='lat' dir='ltr'>qui</span> <span class='ocrx_word' id='word_1_22' title='bbox 1411 354 1463 399; x_wconf 86' lang='lat' dir='ltr'>ad</span> <span class='ocrx_word' id='word_1_23' title='bbox 1509 371 1637 414; x_wconf 85' lang='lat' dir='ltr'>prae-</span> 
     </span>
     <span class='ocr_line' id='line_1_6' title="bbox 214 423 1644 487; baseline 0.004 -22"><span class='ocrx_word' id='word_1_24' title='bbox 214 423 347 467; x_wconf 87' lang='lat' dir='ltr'>dictae</span> <span class='ocrx_word' id='word_1_25' title='bbox 380 425 569 468; x_wconf 80' lang='lat' dir='ltr'>veritatis</span> <span class='ocrx_word' id='word_1_26' title='bbox 605 427 900 482; x_wconf 76' lang='lat' dir='ltr'>cognitionem</span> <span class='ocrx_word' id='word_1_27' title='bbox 928 427 996 470; x_wconf 86' lang='lat' dir='ltr'>vel</span> <span class='ocrx_word' id='word_1_28' title='bbox 1019 429 1314 472; x_wconf 83' lang='lat' dir='ltr'>inventionem</span> <span class='ocrx_word' id='word_1_29' title='bbox 1349 429 1644 487; x_wconf 83' lang='lat' dir='ltr'>pervenirent⁷</span> 
     </span>
     <span class='ocr_line' id='line_1_7' title="bbox 212 496 1635 559; baseline 0.005 -22"><span class='ocrx_word' id='word_1_30' title='bbox 212 497 281 538; x_wconf 86' lang='lat' dir='ltr'>vix</span> <span class='ocrx_word' id='word_1_31' title='bbox 300 504 391 553; x_wconf 59' lang='lat' dir='ltr'>past</span> <span class='ocrx_word' id='word_1_32' title='bbox 413 496 575 554; x_wconf 72' lang='lat' dir='ltr'>longum</span> <span class='ocrx_word' id='word_1_33' title='bbox 598 507 755 556; x_wconf 67' lang='lat' dir='ltr'>tempus</span> <span class='ocrx_word' id='word_1_34' title='bbox 778 500 1083 556; x_wconf 82' lang='lat' dir='ltr'>pertingerent:</span> <span class='ocrx_word' id='word_1_35' title='bbox 1101 525 1154 534; x_wconf 91' lang='lat'>—-</span> <span class='ocrx_word' id='word_1_36' title='bbox 1175 513 1269 544; x_wconf 87' lang='lat' dir='ltr'>tum</span> <span class='ocrx_word' id='word_1_37' title='bbox 1293 513 1470 559; x_wconf 88' lang='lat' dir='ltr'>propter</span> <span class='ocrx_word' id='word_1_38' title='bbox 1487 499 1635 544; x_wconf 87' lang='lat' dir='ltr'>huius-</span> 
     </span>
     <span class='ocr_line' id='line_1_8' title="bbox 214 566 1703 631; baseline 0.004 -21"><span class='ocrx_word' id='word_1_39' title='bbox 214 568 333 611; x_wconf 90' lang='lat' dir='ltr'>modi</span> <span class='ocrx_word' id='word_1_40' title='bbox 365 570 556 612; x_wconf 83' lang='lat' dir='ltr'>veritatis</span> <span class='ocrx_word' id='word_1_41' title='bbox 601 571 1037 630; x_wconf 85' lang='lat' dir='ltr'>profunditatem,ad</span> <span class='ocrx_word' id='word_1_42' title='bbox 1085 588 1213 630; x_wconf 86' lang='lat' dir='ltr'>quam</span> <span class='ocrx_word' id='word_1_43' title='bbox 1256 573 1512 631; x_wconf 70' lang='lat' dir='ltr'>,capiendam</span> <span class='ocrx_word' id='word_1_44' title='bbox 1562 588 1637 631; x_wconf 88' lang='lat' dir='ltr'>per</span> <span class='ocrx_word' id='word_1_45' title='bbox 1699 566 1703 569; x_wconf 17' lang='lat' dir='ltr'>i</span> 
     </span>
     <span class='ocr_line' id='line_1_9' title="bbox 211 642 1638 702; baseline 0.004 -19"><span class='ocrx_word' id='word_1_46' title='bbox 211 642 323 683; x_wconf 90' lang='lat' dir='ltr'>viam</span> <span class='ocrx_word' id='word_1_47' title='bbox 359 643 535 685; x_wconf 86' lang='lat' dir='ltr'>rationis</span> <span class='ocrx_word' id='word_1_48' title='bbox 569 645 741 686; x_wconf 88' lang='lat' dir='ltr'>nonnisi</span> <span class='ocrx_word' id='word_1_49' title='bbox 778 657 874 701; x_wconf 86' lang='lat' dir='ltr'>post</span> <span class='ocrx_word' id='word_1_50' title='bbox 907 643 1090 702; x_wconf 79' lang='lat' dir='ltr'>longum</span> <span class='ocrx_word' id='word_1_51' title='bbox 1124 645 1375 688; x_wconf 84' lang='lat' dir='ltr'>exercitium</span> <span class='ocrx_word' id='word_1_52' title='bbox 1398 643 1638 688; x_wconf 84' lang='lat' dir='ltr'>intellectus</span> 
     </span>
     <span class='ocr_line' id='line_1_10' title="bbox 213 712 1643 775; baseline 0.003 -21"><span class='ocrx_word' id='word_1_53' title='bbox 213 712 428 756; x_wconf 88' lang='lat' dir='ltr'>humanus</span> <span class='ocrx_word' id='word_1_54' title='bbox 462 714 644 758; x_wconf 89' lang='lat' dir='ltr'>idoneus</span> <span class='ocrx_word' id='word_1_55' title='bbox 670 716 895 761; x_wconf 81' lang='lat' dir='ltr'>invenitur:</span> <span class='ocrx_word' id='word_1_56' title='bbox 919 742 975 750; x_wconf 89' lang='lat'>-—</span> <span class='ocrx_word' id='word_1_57' title='bbox 999 729 1092 760; x_wconf 87' lang='lat' dir='ltr'>turn</span> <span class='ocrx_word' id='word_1_58' title='bbox 1126 718 1256 760; x_wconf 87' lang='lat' dir='ltr'>etiam</span> <span class='ocrx_word' id='word_1_59' title='bbox 1290 729 1466 775; x_wconf 89' lang='lat' dir='ltr'>propter</span> <span class='ocrx_word' id='word_1_60' title='bbox 1489 714 1643 772; x_wconf 76' lang='lat' dir='ltr'>multa,</span> 
     </span>
     <span class='ocr_line' id='line_1_11' title="bbox 214 787 1638 848; baseline 0.004 -21"><span class='ocrx_word' id='word_1_61' title='bbox 214 800 320 843; x_wconf 87' lang='lat' dir='ltr'>quae</span> <span class='ocrx_word' id='word_1_62' title='bbox 356 789 701 845; x_wconf 76' lang='lat' dir='ltr'>praeexiguntur,</span> <span class='ocrx_word' id='word_1_63' title='bbox 736 801 782 831; x_wconf 93' lang='lat' dir='ltr'>ut</span> <span class='ocrx_word' id='word_1_64' title='bbox 817 789 978 832; x_wconf 88' lang='lat' dir='ltr'>dictum</span> <span class='ocrx_word' id='word_1_65' title='bbox 1012 802 1089 834; x_wconf 88' lang='lat' dir='ltr'>est:</span> <span class='ocrx_word' id='word_1_66' title='bbox 1125 815 1180 823; x_wconf 89' lang='lat'><em>-</em></span> <span class='ocrx_word' id='word_1_67' title='bbox 1212 802 1305 833; x_wconf 84' lang='lat' dir='ltr'>tum</span> <span class='ocrx_word' id='word_1_68' title='bbox 1340 801 1515 848; x_wconf 88' lang='lat' dir='ltr'>propter</span> <span class='ocrx_word' id='word_1_69' title='bbox 1537 787 1638 842; x_wconf 88' lang='lat' dir='ltr'>hoc,</span> 
     </span>
     <span class='ocr_line' id='line_1_12' title="bbox 215 859 1642 920; baseline 0.003 -20"><span class='ocrx_word' id='word_1_70' title='bbox 215 859 331 916; x_wconf 89' lang='lat' dir='ltr'>quod</span> <span class='ocrx_word' id='word_1_71' title='bbox 365 872 560 917; x_wconf 84' lang='lat' dir='ltr'>tempore</span> <span class='ocrx_word' id='word_1_72' title='bbox 595 861 845 918; x_wconf 80' lang='lat' dir='ltr'>iuventutis,</span> <span class='ocrx_word' id='word_1_73' title='bbox 880 861 982 904; x_wconf 85' lang='lat' dir='ltr'>dum</span> <span class='ocrx_word' id='word_1_74' title='bbox 1017 861 1197 905; x_wconf 83' lang='lat' dir='ltr'>diversis</span> <span class='ocrx_word' id='word_1_75' title='bbox 1246 861 1436 906; x_wconf 86' lang='lat' dir='ltr'>motibus</span> <span class='ocrx_word' id='word_1_76' title='bbox 1469 861 1642 920; x_wconf 84' lang='lat' dir='ltr'>passio-</span> 
     </span>
     <span class='ocr_line' id='line_1_13' title="bbox 214 932 1639 993; baseline 0.002 -20"><span class='ocrx_word' id='word_1_77' title='bbox 214 947 319 973; x_wconf 97' lang='lat' dir='ltr'>num</span> <span class='ocrx_word' id='word_1_78' title='bbox 354 933 493 976; x_wconf 87' lang='lat' dir='ltr'>anima</span> <span class='ocrx_word' id='word_1_79' title='bbox 526 932 714 986; x_wconf 82' lang='lat' dir='ltr'>fluctuat,</span> <span class='ocrx_word' id='word_1_80' title='bbox 750 949 836 976; x_wconf 89' lang='lat' dir='ltr'>non</span> <span class='ocrx_word' id='word_1_81' title='bbox 870 948 933 978; x_wconf 84' lang='lat' dir='ltr'>est</span> <span class='ocrx_word' id='word_1_82' title='bbox 966 946 1060 993; x_wconf 87' lang='lat' dir='ltr'>apta</span> <span class='ocrx_word' id='word_1_83' title='bbox 1093 934 1143 978; x_wconf 93' lang='lat' dir='ltr'>ad</span> <span class='ocrx_word' id='word_1_84' title='bbox 1176 947 1264 978; x_wconf 88' lang='lat' dir='ltr'>tam</span> <span class='ocrx_word' id='word_1_85' title='bbox 1297 934 1402 978; x_wconf 87' lang='lat' dir='ltr'>altae</span> <span class='ocrx_word' id='word_1_86' title='bbox 1448 934 1639 978; x_wconf 84' lang='lat' dir='ltr'>veritatis</span> 
     </span>
     <span class='ocr_line' id='line_1_14' title="bbox 216 1005 1643 1065; baseline 0.002 -19"><span class='ocrx_word' id='word_1_87' title='bbox 216 1005 526 1061; x_wconf 78' lang='lat' dir='ltr'>cognitionem,</span> <span class='ocrx_word' id='word_1_88' title='bbox 561 1005 634 1049; x_wconf 89' lang='lat' dir='ltr'>sed</span> <span class='ocrx_word' id='word_1_89' title='bbox 669 1007 708 1048; x_wconf 87' lang='lat' dir='ltr'>in</span> <span class='ocrx_word' id='word_1_90' title='bbox 757 1007 1019 1064; x_wconf 86' lang='lat' dir='ltr'>quiescendo</span> <span class='ocrx_word' id='word_1_91' title='bbox 1068 1006 1115 1050; x_wconf 90' lang='lat' dir='ltr'>fit</span> <span class='ocrx_word' id='word_1_92' title='bbox 1158 1007 1346 1065; x_wconf 89' lang='lat' dir='ltr'>prudens</span> <span class='ocrx_word' id='word_1_93' title='bbox 1395 1018 1437 1050; x_wconf 91' lang='lat' dir='ltr'>et</span> <span class='ocrx_word' id='word_1_94' title='bbox 1484 1007 1643 1062; x_wconf 81' lang='lat' dir='ltr'>sciens,</span> 
     </span>
     <span class='ocr_line' id='line_1_15' title="bbox 215 1076 1640 1138; baseline 0.001 -19"><span class='ocrx_word' id='word_1_95' title='bbox 215 1088 261 1119; x_wconf 87' lang='lat' dir='ltr'>ut</span> <span class='ocrx_word' id='word_1_96' title='bbox 295 1076 448 1119; x_wconf 89' lang='lat' dir='ltr'>dicitur</span> <span class='ocrx_word' id='word_1_97' title='bbox 483 1078 524 1119; x_wconf 90' lang='lat' dir='ltr'>in</span> <span class='ocrx_word' id='word_1_98' title='bbox 559 1078 745 1135; x_wconf 87' lang='lat' dir='ltr'>septimo</span> <span class='ocrx_word' id='word_1_99' title='bbox 781 1079 1068 1137; x_wconf 78' lang='lat' dir='ltr'>Physicorum</span> <span class='ocrx_word' id='word_1_100' title='bbox 1103 1078 1188 1138; x_wconf 86' lang='lat'>(1).</span> <span class='ocrx_word' id='word_1_101' title='bbox 1218 1081 1474 1125; x_wconf 88' lang='lat' dir='ltr'>Remaneret</span> <span class='ocrx_word' id='word_1_102' title='bbox 1506 1077 1640 1136; x_wconf 87' lang='lat' dir='ltr'>igitur</span> 
     </span>
     <span class='ocr_line' id='line_1_16' title="bbox 215 1148 1638 1208; baseline 0.002 -17"><span class='ocrx_word' id='word_1_103' title='bbox 215 1148 455 1192; x_wconf 86' lang='lat' dir='ltr'>humanum</span> <span class='ocrx_word' id='word_1_104' title='bbox 489 1165 642 1207; x_wconf 80' lang='lat' dir='ltr'>genus,</span> <span class='ocrx_word' id='word_1_105' title='bbox 679 1152 712 1193; x_wconf 92' lang='lat' dir='ltr'>si</span> <span class='ocrx_word' id='word_1_106' title='bbox 747 1150 836 1194; x_wconf 87' lang='lat' dir='ltr'>sola</span> <span class='ocrx_word' id='word_1_107' title='bbox 871 1153 1048 1195; x_wconf 82' lang='lat' dir='ltr'>rationis</span> <span class='ocrx_word' id='word_1_108' title='bbox 1082 1153 1147 1195; x_wconf 86' lang='lat' dir='ltr'>via</span> <span class='ocrx_word' id='word_1_109' title='bbox 1191 1151 1240 1195; x_wconf 84' lang='lat' dir='ltr'>ad</span> <span class='ocrx_word' id='word_1_110' title='bbox 1273 1153 1420 1196; x_wconf 82' lang='lat' dir='ltr'>Deum</span> <span class='ocrx_word' id='word_1_111' title='bbox 1465 1165 1638 1208; x_wconf 86' lang='lat' dir='ltr'>cogno-</span> 
     </span>
     <span class='ocr_line' id='line_1_17' title="bbox 215 1221 1636 1282; baseline 0.001 -19"><span class='ocrx_word' id='word_1_112' title='bbox 215 1221 419 1265; x_wconf 85' lang='lat' dir='ltr'>scendum</span> <span class='ocrx_word' id='word_1_113' title='bbox 455 1236 630 1280; x_wconf 67' lang='lat' dir='ltr'>pateret,</span> <span class='ocrx_word' id='word_1_114' title='bbox 663 1225 703 1265; x_wconf 89' lang='lat' dir='ltr'>in</span> <span class='ocrx_word' id='word_1_115' title='bbox 739 1225 934 1267; x_wconf 72' lang='lat' dir='ltr'>maximis</span> <span class='ocrx_word' id='word_1_116' title='bbox 969 1225 1237 1281; x_wconf 80' lang='lat' dir='ltr'>ignorantiae</span> <span class='ocrx_word' id='word_1_117' title='bbox 1268 1223 1472 1282; x_wconf 79' lang='lat' dir='ltr'>tenebris3</span> <span class='ocrx_word' id='word_1_118' title='bbox 1500 1237 1636 1282; x_wconf 89' lang='lat' dir='ltr'>quum</span> 
     </span>
     <span class='ocr_line' id='line_1_18' title="bbox 215 1294 1643 1355; baseline 0 -18"><span class='ocrx_word' id='word_1_119' title='bbox 215 1294 297 1337; x_wconf 76' lang='lat' dir='ltr'>Dei</span> <span class='ocrx_word' id='word_1_120' title='bbox 331 1295 536 1351; x_wconf 70' lang='lat' dir='ltr'>cognitiO,</span> <span class='ocrx_word' id='word_1_121' title='bbox 571 1311 677 1353; x_wconf 86' lang='lat' dir='ltr'>quae</span> <span class='ocrx_word' id='word_1_122' title='bbox 712 1296 910 1340; x_wconf 83' lang='lat' dir='ltr'>homines</span> <span class='ocrx_word' id='word_1_123' title='bbox 945 1297 1129 1340; x_wconf 80' lang='lat' dir='ltr'>maxime</span> <span class='ocrx_word' id='word_1_124' title='bbox 1172 1295 1389 1355; x_wconf 89' lang='lat' dir='ltr'>perfectos</span> <span class='ocrx_word' id='word_1_125' title='bbox 1417 1307 1457 1340; x_wconf 89' lang='lat' dir='ltr'>et</span> <span class='ocrx_word' id='word_1_126' title='bbox 1499 1294 1643 1339; x_wconf 86' lang='lat' dir='ltr'>bonos.</span> 
     </span>
     <span class='ocr_line' id='line_1_19' title="bbox 215 1365 1643 1428; baseline 0.001 -19"><span class='ocrx_word' id='word_1_127' title='bbox 215 1365 324 1423; x_wconf 84' lang='lat' dir='ltr'>facit,</span> <span class='ocrx_word' id='word_1_128' title='bbox 349 1368 519 1410; x_wconf 85' lang='lat' dir='ltr'>nonnisi</span> <span class='ocrx_word' id='word_1_129' title='bbox 554 1367 808 1425; x_wconf 83' lang='lat' dir='ltr'>quibusdam</span> <span class='ocrx_word' id='word_1_130' title='bbox 844 1370 1003 1426; x_wconf 84' lang='lat' dir='ltr'>paucis,</span> <span class='ocrx_word' id='word_1_131' title='bbox 1027 1382 1067 1411; x_wconf 89' lang='lat' dir='ltr'>et</span> <span class='ocrx_word' id='word_1_132' title='bbox 1102 1369 1166 1412; x_wconf 81' lang='lat' dir='ltr'>his</span> <span class='ocrx_word' id='word_1_133' title='bbox 1202 1370 1345 1428; x_wconf 86' lang='lat' dir='ltr'>paucis</span> <span class='ocrx_word' id='word_1_134' title='bbox 1379 1370 1507 1413; x_wconf 86' lang='lat' dir='ltr'>etiam</span> <span class='ocrx_word' id='word_1_135' title='bbox 1540 1379 1643 1426; x_wconf 85' lang='lat' dir='ltr'>post</span> 
     </span>
     <span class='ocr_line' id='line_1_20' title="bbox 215 1439 1084 1499; baseline 0.005 -18"><span class='ocrx_word' id='word_1_136' title='bbox 215 1441 423 1496; x_wconf 83' lang='lat' dir='ltr'>temporis</span> <span class='ocrx_word' id='word_1_137' title='bbox 458 1439 792 1497; x_wconf 76' lang='lat' dir='ltr'>longitudinem,</span> <span class='ocrx_word' id='word_1_138' title='bbox 827 1443 1084 1499; x_wconf 77' lang='lat' dir='ltr'>perveniret.</span> 
     </span>
    </p>

    <p class='ocr_par' dir='ltr' id='par_1_5' title="bbox 215 1512 1644 2299">
     <span class='ocr_line' id='line_1_21' title="bbox 344 1512 1639 1572; baseline 0 -17"><span class='ocrx_word' id='word_1_139' title='bbox 344 1512 524 1555; x_wconf 66' lang='lat' dir='ltr'>Tertium</span> <span class='ocrx_word' id='word_1_140' title='bbox 568 1515 873 1556; x_wconf 72' lang='lat' dir='ltr'>inconveniens</span> <span class='ocrx_word' id='word_1_141' title='bbox 923 1527 1000 1570; x_wconf 77' lang='lat' dir='ltr'>est,</span> <span class='ocrx_word' id='word_1_142' title='bbox 1034 1513 1151 1572; x_wconf 87' lang='lat' dir='ltr'>quod</span> <span class='ocrx_word' id='word_1_143' title='bbox 1200 1513 1639 1570; x_wconf 71' lang='lat' dir='ltr'>investigatIOni-ra-</span> 
     </span>
     <span class='ocr_line' id='line_1_22' title="bbox 216 1584 1644 1645; baseline 0.001 -19"><span class='ocrx_word' id='word_1_144' title='bbox 216 1586 345 1627; x_wconf 74' lang='lat' dir='ltr'>tionis</span> <span class='ocrx_word' id='word_1_145' title='bbox 381 1585 592 1628; x_wconf 81' lang='lat' dir='ltr'>humanae</span> <span class='ocrx_word' id='word_1_146' title='bbox 642 1586 895 1644; x_wconf 85' lang='lat' dir='ltr'>plerumque</span> <span class='ocrx_word' id='word_1_147' title='bbox 933 1587 1105 1645; x_wconf 78' lang='lat' dir='ltr'>falsitas</span> <span class='ocrx_word' id='word_1_148' title='bbox 1153 1584 1416 1629; x_wconf 83' lang='lat' dir='ltr'>admiscetur</span> <span class='ocrx_word' id='word_1_149' title='bbox 1464 1596 1644 1644; x_wconf 84' lang='lat' dir='ltr'>propter</span> 
     </span>
     <span class='ocr_line' id='line_1_23' title="bbox 216 1657 1638 1716; baseline 0.001 -17"><span class='ocrx_word' id='word_1_150' title='bbox 216 1657 474 1701; x_wconf 82' lang='lat' dir='ltr'>debilitatem</span> <span class='ocrx_word' id='word_1_151' title='bbox 510 1658 750 1702; x_wconf 87' lang='lat' dir='ltr'>intellectus</span> <span class='ocrx_word' id='word_1_152' title='bbox 785 1660 919 1702; x_wconf 87' lang='lat' dir='ltr'>nostri</span> <span class='ocrx_word' id='word_1_153' title='bbox 946 1661 986 1701; x_wconf 92' lang='lat' dir='ltr'>in</span> <span class='ocrx_word' id='word_1_154' title='bbox 1023 1657 1250 1702; x_wconf 83' lang='lat' dir='ltr'>iudicando</span> <span class='ocrx_word' id='word_1_155' title='bbox 1284 1671 1325 1701; x_wconf 91' lang='lat' dir='ltr'>et</span> <span class='ocrx_word' id='word_1_156' title='bbox 1357 1657 1638 1716; x_wconf 83' lang='lat' dir='ltr'>phantasma-</span> 
     </span>
     <span class='ocr_line' id='line_1_24' title="bbox 216 1730 1639 1790; baseline -0.001 -17"><span class='ocrx_word' id='word_1_157' title='bbox 216 1743 309 1773; x_wconf 87' lang='lat' dir='ltr'>tum</span> <span class='ocrx_word' id='word_1_158' title='bbox 345 1731 698 1787; x_wconf 82' lang='lat' dir='ltr'>permixtionem.</span> <span class='ocrx_word' id='word_1_159' title='bbox 724 1733 774 1775; x_wconf 83' lang='lat' dir='ltr'>Et</span> <span class='ocrx_word' id='word_1_160' title='bbox 808 1730 903 1775; x_wconf 88' lang='lat' dir='ltr'>ideo</span> <span class='ocrx_word' id='word_1_161' title='bbox 927 1731 1039 1790; x_wconf 87' lang='lat' dir='ltr'>apud</span> <span class='ocrx_word' id='word_1_162' title='bbox 1064 1730 1224 1774; x_wconf 88' lang='lat' dir='ltr'>multos</span> <span class='ocrx_word' id='word_1_163' title='bbox 1257 1731 1301 1773; x_wconf 89' lang='lat' dir='ltr'>in</span> <span class='ocrx_word' id='word_1_164' title='bbox 1325 1730 1639 1774; x_wconf 83' lang='lat' dir='ltr'>dubitationem</span> 
     </span>
     <span class='ocr_line' id='line_1_25' title="bbox 218 1802 1643 1867; baseline -0.001 -21"><span class='ocrx_word' id='word_1_165' title='bbox 218 1818 517 1861; x_wconf 79' lang='lat' dir='ltr'>permanerent</span> <span class='ocrx_word' id='word_1_166' title='bbox 550 1821 612 1860; x_wconf 78' lang='lat' dir='ltr'>ea,</span> <span class='ocrx_word' id='word_1_167' title='bbox 649 1821 755 1863; x_wconf 87' lang='lat' dir='ltr'>quae</span> <span class='ocrx_word' id='word_1_168' title='bbox 789 1818 889 1867; x_wconf 83' lang='lat' dir='ltr'>sunt</span> <span class='ocrx_word' id='word_1_169' title='bbox 920 1806 1146 1848; x_wconf 85' lang='lat' dir='ltr'>verissime</span> <span class='ocrx_word' id='word_1_170' title='bbox 1167 1805 1295 1847; x_wconf 83' lang='lat' dir='ltr'>etiam</span> <span class='ocrx_word' id='word_1_171' title='bbox 1330 1802 1643 1854; x_wconf 80' lang='lat' dir='ltr'>demonstrata,</span> 
     </span>
     <span class='ocr_line' id='line_1_26' title="bbox 218 1867 1640 1935; baseline -0.002 -15"><span class='ocrx_word' id='word_1_172' title='bbox 218 1877 320 1920; x_wconf 89' lang='lat' dir='ltr'>dum</span> <span class='ocrx_word' id='word_1_173' title='bbox 357 1878 445 1920; x_wconf 77' lang='lat' dir='ltr'>vim</span> <span class='ocrx_word' id='word_1_174' title='bbox 481 1867 869 1922; x_wconf 82' lang='lat' dir='ltr'>demonstrationis</span> <span class='ocrx_word' id='word_1_175' title='bbox 904 1879 1117 1935; x_wconf 80' lang='lat' dir='ltr'>ignorant,</span> <span class='ocrx_word' id='word_1_176' title='bbox 1152 1889 1192 1920; x_wconf 91' lang='lat' dir='ltr'>et</span> <span class='ocrx_word' id='word_1_177' title='bbox 1236 1876 1461 1934; x_wconf 83' lang='lat' dir='ltr'>praecipue</span> <span class='ocrx_word' id='word_1_178' title='bbox 1503 1869 1640 1933; x_wconf 76' lang='lat' dir='ltr'>quum</span> 
     </span>
     <span class='ocr_line' id='line_1_27' title="bbox 215 1946 1640 2009; baseline -0.003 -17"><span class='ocrx_word' id='word_1_179' title='bbox 215 1949 388 1992; x_wconf 82' lang='lat' dir='ltr'>videant</span> <span class='ocrx_word' id='word_1_180' title='bbox 422 1965 441 1992; x_wconf 87' lang='lat' dir='ltr'>a</span> <span class='ocrx_word' id='word_1_181' title='bbox 475 1949 671 2007; x_wconf 78' lang='lat' dir='ltr'>diversis,</span> <span class='ocrx_word' id='word_1_182' title='bbox 693 1952 764 2009; x_wconf 87' lang='lat' dir='ltr'>qui</span> <span class='ocrx_word' id='word_1_183' title='bbox 789 1952 1002 2008; x_wconf 86' lang='lat' dir='ltr'>sapientes</span> <span class='ocrx_word' id='word_1_184' title='bbox 1037 1949 1255 2003; x_wconf 71' lang='lat' dir='ltr'>dicuntur,</span> <span class='ocrx_word' id='word_1_185' title='bbox 1280 1947 1446 1991; x_wconf 86' lang='lat' dir='ltr'>diversa</span> <span class='ocrx_word' id='word_1_186' title='bbox 1477 1946 1640 1990; x_wconf 84' lang='lat' dir='ltr'>doceri.</span> 
     </span>
     <span class='ocr_line' id='line_1_28' title="bbox 218 2018 1642 2081; baseline -0.003 -17"><span class='ocrx_word' id='word_1_187' title='bbox 218 2022 333 2064; x_wconf 85' lang='lat' dir='ltr'>Inter</span> <span class='ocrx_word' id='word_1_188' title='bbox 368 2021 501 2065; x_wconf 70' lang='lat' dir='ltr'>multa</span> <span class='ocrx_word' id='word_1_189' title='bbox 533 2023 662 2066; x_wconf 88' lang='lat' dir='ltr'>etiam</span> <span class='ocrx_word' id='word_1_190' title='bbox 695 2039 806 2080; x_wconf 77' lang='lat' dir='ltr'>vera,</span> <span class='ocrx_word' id='word_1_191' title='bbox 839 2039 946 2081; x_wconf 86' lang='lat' dir='ltr'>quae</span> <span class='ocrx_word' id='word_1_192' title='bbox 980 2022 1346 2076; x_wconf 86' lang='lat' dir='ltr'>demonstrantur,</span> <span class='ocrx_word' id='word_1_193' title='bbox 1371 2018 1642 2062; x_wconf 86' lang='lat' dir='ltr'>immiscetur</span> 
     </span>
     <span class='ocr_line' id='line_1_29' title="bbox 218 2088 1642 2154; baseline -0.002 -18"><span class='ocrx_word' id='word_1_194' title='bbox 218 2094 446 2152; x_wconf 82' lang='lat' dir='ltr'>aliquando</span> <span class='ocrx_word' id='word_1_195' title='bbox 495 2095 654 2154; x_wconf 82' lang='lat' dir='ltr'>aliquid</span> <span class='ocrx_word' id='word_1_196' title='bbox 703 2094 872 2148; x_wconf 78' lang='lat' dir='ltr'>falsum,</span> <span class='ocrx_word' id='word_1_197' title='bbox 918 2094 1034 2153; x_wconf 89' lang='lat' dir='ltr'>quod</span> <span class='ocrx_word' id='word_1_198' title='bbox 1078 2109 1165 2137; x_wconf 90' lang='lat' dir='ltr'>non</span> <span class='ocrx_word' id='word_1_199' title='bbox 1199 2093 1532 2147; x_wconf 85' lang='lat' dir='ltr'>demonstratur,</span> <span class='ocrx_word' id='word_1_200' title='bbox 1564 2088 1642 2134; x_wconf 84' lang='lat' dir='ltr'>sed</span> 
     </span>
     <span class='ocr_line' id='line_1_30' title="bbox 218 2161 1643 2226; baseline -0.002 -18"><span class='ocrx_word' id='word_1_201' title='bbox 218 2167 356 2224; x_wconf 82' lang='lat' dir='ltr'>aliqua</span> <span class='ocrx_word' id='word_1_202' title='bbox 388 2166 592 2224; x_wconf 84' lang='lat' dir='ltr'>probabili</span> <span class='ocrx_word' id='word_1_203' title='bbox 625 2168 693 2211; x_wconf 75' lang='lat' dir='ltr'>vei</span> <span class='ocrx_word' id='word_1_204' title='bbox 727 2167 959 2226; x_wconf 83' lang='lat' dir='ltr'>sophistica</span> <span class='ocrx_word' id='word_1_205' title='bbox 991 2164 1156 2210; x_wconf 84' lang='lat' dir='ltr'>ratione</span> <span class='ocrx_word' id='word_1_206' title='bbox 1189 2165 1406 2218; x_wconf 86' lang='lat' dir='ltr'>asseritur,</span> <span class='ocrx_word' id='word_1_207' title='bbox 1437 2178 1545 2222; x_wconf 88' lang='lat' dir='ltr'>quae</span> <span class='ocrx_word' id='word_1_208' title='bbox 1574 2161 1643 2206; x_wconf 90' lang='lat' dir='ltr'>in-</span> 
     </span>
     <span class='ocr_line' id='line_1_31' title="bbox 218 2235 1642 2299; baseline -0.005 -16"><span class='ocrx_word' id='word_1_209' title='bbox 218 2242 389 2285; x_wconf 88' lang='lat' dir='ltr'>terdum</span> <span class='ocrx_word' id='word_1_210' title='bbox 414 2241 724 2285; x_wconf 86' lang='lat' dir='ltr'>demonstratio</span> <span class='ocrx_word' id='word_1_211' title='bbox 750 2253 984 2299; x_wconf 86' lang='lat' dir='ltr'>reputatur.</span> <span class='ocrx_word' id='word_1_212' title='bbox 1009 2240 1061 2283; x_wconf 87' lang='lat' dir='ltr'>Et</span> <span class='ocrx_word' id='word_1_213' title='bbox 1084 2238 1182 2282; x_wconf 89' lang='lat' dir='ltr'>ideo</span> <span class='ocrx_word' id='word_1_214' title='bbox 1206 2236 1400 2295; x_wconf 87' lang='lat' dir='ltr'>oportuit</span> <span class='ocrx_word' id='word_1_215' title='bbox 1421 2250 1496 2294; x_wconf 88' lang='lat' dir='ltr'>per</span> <span class='ocrx_word' id='word_1_216' title='bbox 1527 2235 1642 2278; x_wconf 86' lang='lat' dir='ltr'>viam</span> 
     </span>
    </p>
   </div>
   <div class='ocr_carea' id='block_1_4' title="bbox 219 2400 464 2406">
    <p class='ocr_par' dir='ltr' id='par_1_6' title="bbox 219 2400 464 2406">
     <span class='ocr_line' id='line_1_32' title="bbox 219 2400 464 2406; baseline 0 0"><span class='ocrx_word' id='word_1_217' title='bbox 219 2400 464 2406; x_wconf 95' lang='lat' dir='ltr'> </span> 
     </span>
    </p>
   </div>
   <div class='ocr_carea' id='block_1_5' title="bbox 218 2480 1644 2651">
    <p class='ocr_par' dir='ltr' id='par_1_7' title="bbox 218 2480 1644 2651">
     <span class='ocr_line' id='line_1_33' title="bbox 314 2480 1644 2530; baseline -0.004 -12"><span class='ocrx_word' id='word_1_218' title='bbox 314 2484 365 2530; x_wconf 91' lang='lat'>(1)</span> <span class='ocrx_word' id='word_1_219' title='bbox 393 2483 480 2529; x_wconf 83' lang='lat' dir='ltr'>Cap.</span> <span class='ocrx_word' id='word_1_220' title='bbox 510 2484 570 2517; x_wconf 87' lang='lat' dir='ltr'>III.</span> <span class='ocrx_word' id='word_1_221' title='bbox 598 2488 652 2528; x_wconf 52' lang='lat'>&#39;1753</span> <span class='ocrx_word' id='word_1_222' title='bbox 682 2497 748 2529; x_wconf 58' lang='grc' dir='ltr'>’μμ</span> <span class='ocrx_word' id='word_1_223' title='bbox 776 2482 1010 2517; x_wconf 60' lang='lat' dir='ltr'>moder-mem</span> <span class='ocrx_word' id='word_1_224' title='bbox 1036 2483 1093 2518; x_wconf 70' lang='grc' dir='ltr'>τὴν</span> <span class='ocrx_word' id='word_1_225' title='bbox 1119 2480 1236 2527; x_wconf 61' lang='grc' dir='ltr'><em>ψυχὴν</em></span> <span class='ocrx_word' id='word_1_226' title='bbox 1264 2481 1300 2514; x_wconf 75' lang='grc' dir='ltr'>ἐκ</span> <span class='ocrx_word' id='word_1_227' title='bbox 1325 2482 1382 2518; x_wconf 74' lang='grc' dir='ltr'>τῆς</span> <span class='ocrx_word' id='word_1_228' title='bbox 1409 2480 1554 2525; x_wconf 62' lang='grc' dir='ltr'>φυσικῆς</span> <span class='ocrx_word' id='word_1_229' title='bbox 1579 2488 1644 2510; x_wconf 74' lang='grc' dir='ltr'>τα·</span> 
     </span>
     <span class='ocr_line' id='line_1_34' title="bbox 218 2532 1642 2590; baseline -0.004 -14"><span class='ocrx_word' id='word_1_230' title='bbox 218 2548 329 2590; x_wconf 64' lang='grc' dir='ltr'>ραμῖς</span> <span class='ocrx_word' id='word_1_231' title='bbox 358 2543 523 2589; x_wconf 29' lang='lat' dir='ltr'>&#39;sad-,qaia</span> <span class='ocrx_word' id='word_1_232' title='bbox 550 2557 580 2577; x_wconf 77' lang='grc' dir='ltr'>τι</span> <span class='ocrx_word' id='word_1_233' title='bbox 606 2544 741 2587; x_wconf 45' lang='grc' dir='ltr'>γίιετκι,</span> <span class='ocrx_word' id='word_1_234' title='bbox 768 2544 826 2576; x_wconf 65' lang='lat' dir='ltr'>mi</span> <span class='ocrx_word' id='word_1_235' title='bbox 854 2543 1055 2587; x_wconf 66' lang='grc' dir='ltr'>ἐπιστῆμον.</span> <span class='ocrx_word' id='word_1_236' title='bbox 1072 2540 1167 2576; x_wconf 88' lang='lat' dir='ltr'>Nam</span> <span class='ocrx_word' id='word_1_237' title='bbox 1187 2550 1230 2575; x_wconf 89' lang='lat' dir='ltr'>eo</span> <span class='ocrx_word' id='word_1_238' title='bbox 1251 2538 1349 2587; x_wconf 91' lang='lat' dir='ltr'>quod</span> <span class='ocrx_word' id='word_1_239' title='bbox 1366 2532 1642 2574; x_wconf 55' lang='lat' dir='ltr'>sistitur&#39;anima</span> 
     </span>
     <span class='ocr_line' id='line_1_35' title="bbox 221 2602 1238 2651; baseline -0.004 -12"><span class='ocrx_word' id='word_1_240' title='bbox 221 2617 239 2640; x_wconf 84' lang='lat' dir='ltr'>a</span> <span class='ocrx_word' id='word_1_241' title='bbox 267 2604 421 2639; x_wconf 78' lang='lat' dir='ltr'>naturali</span> <span class='ocrx_word' id='word_1_242' title='bbox 445 2605 614 2647; x_wconf 82' lang='lat' dir='ltr'>tumultu,</span> <span class='ocrx_word' id='word_1_243' title='bbox 642 2603 679 2638; x_wconf 85' lang='lat' dir='ltr'>fit</span> <span class='ocrx_word' id='word_1_244' title='bbox 708 2603 840 2651; x_wconf 75' lang='lat' dir='ltr'>aliquid</span> <span class='ocrx_word' id='word_1_245' title='bbox 868 2602 1023 2649; x_wconf 84' lang='lat' dir='ltr'>prudens</span> <span class='ocrx_word' id='word_1_246' title='bbox 1049 2609 1083 2638; x_wconf 90' lang='lat' dir='ltr'>et</span> <span class='ocrx_word' id='word_1_247' title='bbox 1109 2602 1238 2636; x_wconf 85' lang='lat' dir='ltr'>sciens.</span> 
     </span>
    </p>
   </div>
  </div>
 </body>
</html>
