1737 2802
819 98 1055 151 ...54—

228 209 297 235 rex
331 193 395 233 ius
430 191 471 233 in
518 189 622 234 illud
655 205 741 234 non
776 189 988 234 conferret
1036 190 1152 244 duci,
1188 190 1255 234 hic
1289 191 1382 235 talis
1415 191 1518 235 iuris
1565 206 1648 235 su-

226 269 409 311 biectum
444 281 530 309 non
554 266 762 310 eraderet.
799 267 940 310 Simili
965 267 1093 324 igitur
1116 279 1240 325 pacto
1263 267 1449 325 dignitas
1471 280 1645 316 naturae

227 337 443 381 rationalis
479 350 541 380 cst
573 338 735 394 titulus,
770 337 824 380 ob
847 353 978 395 quem
1014 339 1133 381 Deus
1158 338 1323 382 confert
1347 338 1516 383 homini
1542 340 1647 394 iura,

228 427 261 452 c.
298 424 338 466 g.
374 408 629 452 defendendi
662 409 810 465 vitam,
844 424 951 466 quae
984 421 1126 452 tamen
1160 410 1253 453 iura
1287 425 1310 452 a
1341 411 1522 468 sapienti
1555 411 1649 454 eius

228 480 498 524 ordinatione
532 495 605 522 seu
641 478 688 522 ab
721 491 891 522 aeterna
923 480 1014 523 eius
1047 480 1156 538 lege,
1189 493 1235 523 ut
1270 497 1292 523 a
1324 482 1467 538 ptimo
1489 482 1648 540 princi-

228 552 321 609 pio,
356 549 700 607 proficiscuntur.

348 621 401 664 II.
436 621 561 673 Quae
594 636 693 663 cum
728 622 781 663 ita
825 622 925 678 sint,
967 622 1051 664 iam
1096 634 1208 679 patet
1252 621 1482 666 manifeste
1524 621 1654 666 altera

227 692 400 735 theseos
436 707 548 749 pars,
585 707 691 749 quae
741 692 1016 735 corollarium
1067 693 1257 736 continet
1301 709 1352 736 ex
1394 695 1572 737 veritate
1609 694 1654 736 in

229 764 360 821 priori
396 775 511 820 parte
547 763 801 820 praestituta
833 763 970 806 fluens
995 763 1232 807 evidenter.
1266 789 1324 797 —
1356 765 1472 808 Cum
1505 781 1527 808 a
1559 764 1653 822 lege

227 834 400 877 tandem
434 846 602 877 aeterna
634 833 852 877 dimanent
887 835 974 877 iura
1026 836 1171 877 onmia
1215 836 1447 894 omniaque
1495 834 1655 888 officia,
1708 874 1711 875 γ

228 908 263 949 si
296 907 437 963 legem
470 919 684 948 aeternam
718 921 909 963 respuaS,
929 907 1118 963 itemque
1142 907 1176 948 si
1201 907 1363 950 reiicias
1386 907 1547 964 Deum,
1580 907 1655 964 qui

229 989 292 1020 est
326 978 416 1034 ipsa
449 977 515 1019 lex
549 988 734 1029 aeterna,
770 977 854 1019 iam
903 977 1076 1019 nonnisi
1123 993 1198 1034 per
1245 976 1479 1021 absurdum
1512 990 1552 1021 et
1580 992 1657 1035 per

229 1061 417 1105 apertam
461 1049 845 1092 contradictionem
881 1061 1003 1106 potes
1028 1049 1079 1092 de
1103 1049 1266 1092 iuribus
1298 1062 1340 1093 et
1375 1048 1524 1093 officiis
1560 1049 1654 1093 dis-

235 1132 417 1177 ceptare.
453 1121 567 1163 Huic
601 1119 826 1163 corollario
862 1133 1043 1178 possunt
1075 1120 1153 1164 alia
1185 1122 1314 1164 etiam
1347 1120 1552 1164 subnecti.

350 1192 461 1235 Nam
498 1203 539 1234 et
571 1190 675 1233 illud
710 1193 1004 1249 consequitur,
1036 1192 1193 1235 merito
1225 1207 1405 1249 prorsus
1437 1192 1481 1235 in
1515 1189 1658 1250 Sylla-

232 1262 286 1305 bo
320 1262 391 1320 (1)
426 1261 704 1305 condemnari
738 1264 1103 1320 propositionem,
1139 1279 1247 1321 quae
1279 1262 1475 1319 adstruit,
1517 1263 1657 1320 reipu-

232 1332 362 1376 blicae
396 1345 554 1376 statum
591 1349 664 1377 seu
701 1333 821 1377 civile
855 1336 922 1377 ius
956 1350 1048 1378 esse
1079 1336 1262 1378 omnium
1284 1335 1442 1378 iuriam
1464 1335 1658 1392 originem

232 1414 266 1448 et
290 1405 464 1462 fontem.
490 1430 548 1438 ——
569 1407 640 1448 Ius
665 1405 785 1449 civile
809 1405 872 1460 (ut
895 1406 976 1449 hoc
996 1406 1112 1449 aliud
1136 1407 1264 1450 etiam
1285 1405 1493 1450 addamus
1526 1420 1660 1463 argu-

232 1477 446 1533 mentum)
481 1489 543 1519 est
577 1479 656 1534 ius,
690 1477 807 1535 quod
841 1479 999 1536 incepit
1031 1494 1122 1521 esse
1156 1490 1387 1535 postquam
1434 1492 1523 1520 non
1555 1476 1659 1520 fuit:

233 1561 296 1592 est
329 1549 395 1591 ius
430 1550 686 1605 contingens
720 1562 761 1592 et
795 1561 1002 1592 creatum.
1027 1548 1113 1593 Sed
1138 1550 1217 1606 ius,
1241 1547 1360 1607 quod
1383 1548 1542 1606 incepit
1565 1562 1658 1590 esse

234 1632 464 1678 postquam
483 1635 569 1662 non
587 1619 680 1674 fuit,
700 1621 1009 1678 praesupponit
1030 1622 1095 1663 ius
1120 1619 1294 1678 aliquod
1315 1619 1522 1678 primum,
1541 1617 1660 1677 quod

232 1705 311 1734 nec
343 1692 583 1748 acquiratur
614 1707 691 1734 nec
725 1692 862 1749 possit
893 1693 1053 1749 acquiri
1087 1691 1137 1736 de
1164 1706 1297 1748 novo,
1321 1689 1525 1749 quodque
1558 1704 1656 1748 pro-

235 1762 334 1804 inde
368 1763 420 1804 sit
454 1762 731 1805 essentialiter
763 1775 804 1805 et
837 1779 859 1805 a
892 1777 958 1805 se:
984 1764 1085 1806 item
1109 1764 1174 1806 ius
1200 1763 1451 1819 contingens
1473 1772 1516 1804 et
1539 1775 1662 1806 crea-

235 1846 329 1875 tum
377 1834 685 1891 praesupponit
718 1834 784 1876 ius
818 1835 1108 1877 necessarium
1143 1846 1183 1876 et
1215 1833 1469 1890 increatum3
1502 1832 1658 1875 huius-

235 1903 356 1947 modi
389 1916 530 1947 autem
563 1905 628 1947 ius
662 1919 751 1948 non
783 1918 846 1948 est
870 1906 951 1947 nisi
975 1905 1041 1948 ius
1066 1905 1148 1948 Dei
1171 1905 1215 1947 in
1233 1919 1314 1958 *res
1349 1918 1514 1947 omnes.
1540 1902 1658 1960 Ergo

237 1975 285 2018 ab
319 1974 401 2018 hoc
431 1976 521 2018 iure
555 1977 700 2018 omnia
733 1976 823 2019 iura
857 1975 1135 2019 essentialiter
1159 1975 1378 2019 dimanant
1400 1973 1485 2034 (2).
1512 1973 1663 2027 Quare

238 2058 351 2089 recte
384 2045 555 2089 Tullius
588 2046 659 2105 (3)
693 2062 767 2090 eos
802 2040 1021 2105 approbat,
1057 2048 1129 2104 qui
1165 2058 1355 2090 statuunt
1395 2046 1520 2103 «ius,
1543 2043 1662 2103 quod

239 2117 295 2159 ita
329 2116 410 2160 dici
443 2117 728 2176 appellarique
762 2119 913 2176 possit,
945 2118 988 2162 id
1011 2134 1104 2162 esse
1137 2130 1287 2161 natura
1318 2134 1338 2158 n
1378 2117 1404 2160 i.
1439 2132 1474 2162 e.
1510 2132 1532 2159 a
1563 2116 1664 2160 Deo

239 2200 413 2231 naturae
446 2201 634 2232 auctore.

337 2414 388 2458 (1)
415 2415 522 2460 Prop.
553 2423 607 2460 39.

336 2473 390 2517 (2)
419 2473 473 2509 Cf.
500 2474 651 2520 Esparza
678 2474 720 2509 de
747 2475 828 2510 virt.
855 2474 965 2510 iustit.
995 2486 1027 2521 q.
1054 2475 1102 2511 V.

337 2533 393 2578 (3)
421 2533 475 2568 De
500 2533 560 2568 fin.
587 2534 670 2569 bon.
697 2543 732 2569 et
759 2533 843 2569 mal.
871 2534 893 2569 1.
921 2534 982 2569 III.
1012 2545 1041 2570 c.
1070 2543 1130 2570 20.
1157 2545 1257 2570 num.
1286 2544 1341 2580 17.
