1737 2802
784 98 1056 152 —138-

200 196 414 240 ferentiae.
450 195 516 237 Fit
549 193 790 236 necessario
833 209 884 236 ex
934 193 1188 236 necessitate
1237 204 1406 235 tantum
1454 190 1635 248 morali,

204 284 310 325 quae
349 279 489 309 tamen
524 266 612 322 ipsa
643 265 872 308 necessitas
921 263 1097 308 moralis
1146 279 1220 308 seu
1256 263 1464 322 obligatio
1513 262 1630 308 adest

203 336 483 381 solummodo
518 348 832 393 consequenter
866 335 916 379 ad
949 335 1125 380 liberam
1150 337 1284 394 ipsius
1318 335 1516 380 voventis
1549 333 1629 379 de-

202 409 564 453 terminationem.
600 408 643 451 Si
679 408 793 450 enim
839 407 1154 464 distinguamus
1199 408 1307 450 inter
1355 419 1498 450 actum
1546 420 1629 449 vo-

202 481 345 536 vendi,
379 493 418 523 et
450 481 539 522 voti
569 478 890 536 impletionem,
918 479 1096 522 alterum
1121 479 1310 537 quidem,
1335 479 1361 522 i.
1387 495 1421 523 e.
1447 477 1638 536 solvere,

202 552 247 596 fit
282 553 521 595 necessario
556 567 629 594 seu
665 566 717 595 ex
751 551 902 594 morali
939 551 1215 609 obligatione,
1251 552 1441 609 primum
1467 562 1626 606 autem,

204 626 229 669 i.
266 642 299 668 e.
336 640 506 681 vovere,
540 623 584 667 fit
616 623 746 666 libere
779 623 967 666 libertate
1002 624 1129 666 etiam
1164 622 1332 666 morali.

324 696 399 738 IV.
434 697 601 739 Votum
639 694 688 737 ad
723 695 787 737 sui
840 694 1186 737 observationem
1230 693 1391 751 obligat.
1426 718 1482 726 -—
1517 693 1632 738 Cum

205 767 256 811 de
305 767 571 824 obligatione
618 767 706 809 voti
756 781 902 809 sermo
936 779 1018 820 est,
1055 765 1211 824 duplex
1259 766 1465 823 distingui
1508 764 1633 810 debet

205 838 426 896 obligatio,
460 838 586 882 altera
621 839 741 896 quasi
776 838 1010 882 antecedens
1043 839 1185 896 ipsum
1221 851 1388 895 votum,
1422 837 1547 882 altera
1579 854 1631 882 ex

203 923 308 953 voto
343 909 551 952 resultans
586 925 659 951 seu
695 910 839 966 ipsum
873 924 1125 967 consequens.
1162 910 1286 952 Prior
1318 909 1451 966 exigit
1486 921 1532 952 ut
1555 924 1631 952 vo-

204 994 298 1024 tum
334 981 475 1024 debito
510 981 644 1024 modo
677 980 762 1034 fiat,
797 980 926 1024 altera
960 982 1092 1038 exigit
1116 994 1160 1024 ut
1195 993 1348 1024 votum
1371 981 1450 1024 rite
1474 979 1633 1024 factum

207 1054 450 1110 impleatur:
486 1055 603 1111 prior
650 1053 833 1096 violatur
882 1054 922 1095 in
956 1066 1061 1096 voto
1111 1052 1323 1106 faciendo,
1358 1052 1486 1097 altera
1534 1066 1633 1111 post

206 1137 358 1167 votum
394 1125 479 1167 iam
514 1123 670 1167 factum
706 1124 792 1183 (1).
827 1151 882 1158 —
917 1125 984 1168 De
1019 1123 1283 1182 obligatione
1325 1136 1478 1172 votum
1512 1125 1633 1183 quasi

205 1196 472 1253 antecedente,
491 1195 649 1238 nullam
676 1197 715 1239 in
740 1196 915 1240 theseos
951 1197 1250 1240 enunciatione
1271 1197 1543 1241 mentionem
1567 1195 1634 1240 fe-

146 1280 149 1282 ·
207 1269 355 1311 cimus.
380 1270 435 1311 At
471 1267 693 1310 manifeste
727 1268 777 1311 ad
812 1268 1081 1311 honestatem
1116 1269 1205 1311 voti
1234 1267 1322 1312 duo
1355 1267 1459 1313 haec
1486 1269 1646 1327 requi-N

206 1353 374 1393 runtur,
410 1341 436 1383 i.
470 1357 505 1384 e.
541 1340 698 1383 modus
731 1339 870 1384 fidelis
903 1354 943 1384 et
978 1340 1165 1399 prudens
1213 1339 1402 1385 vovendi
1446 1356 1491 1384 ac
1535 1356 1632 1385 ma·-

203 1411 308 1454 teria
341 1410 479 1454 debita
510 1411 589 1471 (2)
623 1411 748 1456 Unde
792 1413 865 1470 qui
910 1429 944 1455 e.
980 1428 1021 1470 g.
1054 1425 1215 1456 temere
1263 1425 1304 1455 et
1352 1413 1444 1455 sine
1497 1411 1646 1456 debita,

302 1630 358 1674 (1)
386 1629 442 1664 De
468 1639 618 1676 utraque
644 1629 711 1664 hac
737 1629 965 1675 obligatione
991 1629 1041 1664 sic
1068 1630 1218 1672 nantes,
1245 1631 1323 1669 Par.
1350 1628 1408 1663 V.:

395 1714 478 1750 Non
508 1714 692 1760 prendano
719 1715 729 1747 i
757 1714 903 1748 mortali
930 1713 953 1748 il
979 1723 1066 1749 voto
1094 1726 1112 1748 a
1140 1714 1290 1749 ciancia:

492 1773 590 1809 Siate
616 1772 736 1816 fedeli,
764 1773 807 1808 ed
834 1785 852 1808 a
882 1774 939 1808 cio
965 1772 1020 1808 far
1046 1785 1122 1808 non
1148 1773 1252 1816 bieci‚
1297 1774 1299 1776 ’

493 1833 612 1869 Corne
640 1832 676 1867 fu
702 1833 802 1879 Iepte
828 1833 897 1868 alla
926 1844 989 1868 sua
1016 1833 1132 1879 prima
1158 1833 1314 1869 mancia.

399 1893 468 1929 Cui
494 1894 555 1939 piu
580 1892 607 1927 si
637 1894 815 1928 convenia
842 1892 952 1928 dicer:
983 1892 1056 1927 Mal
1083 1892 1161 1935 feci,

493 1952 581 1995 Che,
609 1952 804 1995 servando,
834 1951 885 1987 far
915 1952 1061 1999 peggio;
1089 1964 1108 1987 e
1135 1953 1211 1987 cosi
1239 1952 1351 1988 stolto
1395 1953 1398 1956 ’

490 2002 658 2048 Ritrovar
682 2013 767 2059 puoi
796 2013 831 2047 lo
859 2024 946 2059 gran
973 2012 1062 2047 duca
1091 2012 1145 2047 de’
1173 2012 1292 2056 Greci,
1328 2010 1331 2013 ’

398 2072 507 2108 Onde
533 2072 659 2119 pianse
686 2071 836 2119 Ifigenia
864 2072 887 2106 il
914 2083 979 2106 suo
1007 2071 1065 2106 bel
1092 2071 1206 2115 volto,

496 2135 523 2168 E
551 2131 585 2168 fe
612 2133 762 2179 piangei·
789 2131 822 2166 di
852 2133 889 2167 se
916 2144 934 2167 e
962 2133 970 2166 i
999 2131 1080 2167 folli
1106 2143 1124 2167 e
1152 2132 1162 2165 i
1189 2132 1277 2175 savi,

462 2196 465 2198 '
495 2192 560 2228 Ch'
583 2191 662 2226 udir
688 2191 806 2239 parlar
833 2191 868 2226 di
895 2191 971 2226 cosi
1000 2190 1089 2226 fatto
1118 2191 1241 2226 colt0!
1287 2192 1289 2195 '

206 2276 302 2311 Vide
330 2288 419 2323 quae
447 2276 489 2311 de
518 2276 645 2322 Iephte
666 2276 811 2322 eiusque
829 2284 916 2310 voto
943 2284 1131 2310 narrantur
1148 2275 1258 2309 Iudic.
1277 2263 1353 2311 XL}
1375 2284 1410 2311 et
1427 2272 1471 2310 cf.
1486 2273 1650 2310 s.-Tho-

208 2347 290 2371 mae
310 2336 666 2382 explicationem-in
689 2345 720 2371 2.
737 2344 768 2370 2.
783 2347 817 2382 q.
832 2334 888 2369 88.
904 2344 987 2374 a.,2.
1003 2333 1047 2369 ad
1068 2341 1123 2370 2.¹¹¹
1141 2335 1197 2370 De
1215 2335 1498 2382 Agamemnone
1513 2343 1641 2373 autem

208 2393 355 2442 eiusque
383 2403 471 2430 voto
498 2395 547 2430 ita
573 2394 729 2438 Tullius,
755 2394 799 2429 de
825 2393 889 2430 off.
916 2394 980 2432 III.
1013 2393 1080 2429 16.:
1110 2408 1127 2425 α
1143 2393 1236 2429 Cum
1265 2392 1470 2433 devovisset
1495 2393 1649 2431 Dianae-v

208 2453 305 2500 quod
331 2453 367 2488 in
394 2465 461 2489 suo
488 2465 599 2500 regno
625 2453 908 2500 pulcherrimum
936 2462 1062 2489 natum
1090 2462 1183 2489 esset
1208 2452 1272 2489 illo
1299 2465 1409 2496 anne,
1428 2452 1642 2492 immolavit

208 2513 451 2560 Iphigeniam,
481 2525 549 2560 qua
575 2513 665 2548 nihil
691 2522 766 2549 erat
793 2524 836 2548 eo
864 2512 1010 2560 quidem
1037 2522 1286 2554 annonatum
1312 2512 1538 2560 pulchriusq-

305 2573 362 2619 (2)
391 2573 445 2610 Cf.
471 2575 612 2617 Suarez,
640 2573 683 2608 de
711 2583 799 2609 voto
826 2573 849 2612 1..
875 2574 918 2609 V.
950 2585 980 2609 c.
1012 2584 1025 2609 1
1054 2582 1088 2612 et
1116 2584 1147 2613 2..

1727 187 1737 198 ‹

1726 201 1737 218 ‘9

1731 219 1737 241 x.

1728 245 1737 266 i*

1732 303 1737 310 ι
