1737 2802
648 179 701 185 —
740 155 830 209 169ι
855 177 912 187 —

61 252 325 304 sensitivam,
361 250 654 307 imaginariam
689 260 729 291 et
761 246 1083 291 intellectualem.
1116 246 1163 290 Id
1197 247 1369 301 scilicet,
1398 263 1485 306 quo

63 323 186 366 Deus
218 320 389 364 homini
423 332 614 363 mentem
648 335 770 362 suam
804 318 1062 372 manifestat,
1097 330 1239 376 potest
1281 334 1373 361 esse
1420 319 1487 362 vel

11 446 14 449 ¹
62 395 239 451 signum
287 391 461 450 aliquod
510 405 686 435 externo
736 407 862 434 sensu
912 390 1202 449 perceptibile,
1236 389 1302 433 vel
1348 389 1486 433 forma

63 465 314 521 imaginaria
346 464 555 521 impressa
589 463 846 521 phantasiae,
882 462 946 506 vel
995 463 1158 520 species
1208 461 1484 519 intelligibilis

64 537 201 585 menti
234 537 442 594 impressa
473 534 558 593 (1).

184 608 360 651 Instant.
396 607 515 659 Esto,
551 622 638 649 non
674 605 821 649 deesse
844 606 940 649 Deo
965 604 1146 648 modum
1182 604 1386 662 loquendi
1411 604 1488 648 ho-

66 679 186 722 mini.
222 677 308 722 Sed
342 677 424 720 hoc
456 692 545 720 non
580 676 749 720 sufficit.
784 676 912 720 Aliud
946 679 1072 719 etiam
1108 677 1354 733 requiritur:
1398 692 1487 720 non

63 748 190 792 debet
222 750 258 792 ei
293 749 439 792 deesse
472 748 629 792 modus
653 747 975 792 demonstrandi
998 763 1043 790 se
1075 762 1174 790 vere
1198 763 1305 803 esse,
1328 748 1401 805 qui
1425 747 1487 791 lo-

62 821 224 878 quitur.
249 845 306 854 —
329 820 586 878 Respondeo
607 822 754 878 primo:
779 832 979 862 neutrum
1004 819 1099 861 Deo
1124 818 1286 872 deesse,
1310 834 1335 861 a
1357 820 1490 877 priori

62 904 181 934 certo
216 903 393 935 constat.
430 892 476 935 Si
509 892 620 934 enim
658 891 793 934 homo
828 904 1062 948 utrumque
1095 886 1256 948 potest,
1291 903 1331 934 et
1365 890 1483 948 loqui

65 962 200 1020 alteri,
231 976 271 1006 et
301 979 381 1006 suo
415 965 533 1006 vocis
567 963 700 1006 modo
728 964 903 1021 aliisque
928 963 1061 1019 signis
1097 962 1295 1020 prodere,
1319 978 1362 1005 se
1387 978 1487 1005 vere

60 1052 158 1079 esse
179 1037 251 1094 qui
274 1036 478 1094 loquitur,
497 1051 582 1079 non
607 1036 752 1089 alium3
772 1051 901 1078 nemo
926 1050 1055 1078 sanus
1078 1033 1320 1087 affirmabit,
1342 1035 1488 1077 Deum

64 1123 194 1165 posse
227 1108 402 1166 quidem
438 1108 555 1166 loqui
591 1108 773 1164 homini,
806 1106 879 1150 sed
914 1122 1001 1150 non
1037 1123 1163 1165 posse
1197 1107 1363 1150 homini
1408 1106 1487 1150 de-

66 1191 305 1222 monstrare
337 1179 599 1222 locutionem
650 1194 738 1222 non
787 1195 879 1222 esse
913 1178 1099 1233 alterius,
1135 1179 1209 1222 sed
1261 1194 1396 1222 suam.
1431 1203 1489 1211 —

65 1248 327 1307 Respondeo
359 1251 541 1294 secundo:
574 1252 694 1293 Deus
728 1264 867 1308 potest
899 1249 1166 1293 locutionem
1211 1266 1332 1293 suam
1383 1265 1487 1293 mu-

66 1321 157 1365 nire
189 1320 340 1364 talibus
373 1323 638 1379 argumentis
672 1322 738 1364 vel
772 1323 923 1379 signis,
951 1323 1040 1364 sive
1073 1322 1248 1365 internis
1294 1322 1381 1364 sive
1416 1337 1486 1364 ex-

64 1393 211 1445 ternis,
246 1409 281 1437 e.
314 1408 354 1450 g.
390 1393 628 1451 prophetiis
662 1406 702 1437 et
736 1393 968 1450 miraculis,
1001 1409 1107 1451 quae
1142 1393 1321 1450 probent
1359 1391 1486 1434 lucu-

64 1463 214 1516 lenter,
247 1465 394 1521 Ipsum
429 1481 534 1518 esse,
569 1477 609 1508 et
657 1481 744 1508 non
793 1465 939 1521 alium,
972 1464 1044 1522 qui
1093 1478 1328 1507 creaturam
1378 1462 1487 1506 allo-

62 1536 211 1592 quitur
244 1551 380 1580 suam.

186 1607 276 1650 Stat
310 1608 440 1664 igitur
475 1607 734 1665 possibilitas
769 1608 1038 1651 revelationis
1068 1607 1233 1651 divinae
1257 1605 1487 1650 immedia-

67 1690 144 1721 tae.
178 1703 236 1711 —
268 1679 416 1722 Unum
462 1678 672 1722 hocloco
707 1681 900 1735 innuam,
948 1679 1065 1737 quod
1109 1679 1227 1722 facile
1270 1695 1319 1721 ex
1363 1677 1487 1721 dictis

64 1748 333 1806 intelligitur,
367 1751 390 1792 i.
425 1766 460 1793 e.
495 1750 596 1808 quid
623 1752 677 1794 sit
701 1750 903 1793 revelatio
926 1751 1133 1794 subiective
1158 1751 1360 1808 inspecta,
1385 1748 1488 1806 quid

69 1821 216 1864 eadem
250 1822 302 1864 sit
335 1821 520 1864 obiecti-ve
556 1821 832 1866 considerata.
854 1823 1034 1879 Sumpta
1068 1820 1294 1865 subiet-rive
1317 1836 1391 1863 seu
1411 1828 1488 1878 pro

63 1894 148 1950 ipso
169 1902 262 1936 actu
286 1893 512 1945 revelandi,
534 1907 596 1936 est
621 1893 910 1937 manifestatio
945 1894 1130 1937 veritatis
1155 1893 1321 1936 homini
1349 1908 1371 1935 a
1394 1893 1489 1935 Deo

68 1962 195 2007 facta:
227 1977 398 2022 sumpta
431 1964 652 2021 obiective,
686 1982 758 2008 seu
790 1974 866 2024 pro
893 1982 932 2008 re
969 1965 1159 2019 revelata,
1182 1977 1245 2007 est
1270 1965 1357 2021 ipsa
1380 1963 1490 2006 veri-

66 2047 129 2078 tas
163 2035 227 2078 vel
260 2037 489 2079 veritatum
525 2036 773 2094 complexus
807 2053 828 2080 a
858 2038 953 2080 Deo
987 2036 1154 2080 homini
1178 2035 1488 2078 manifestatus.

165 2258 349 2302 (1)Deus
384 2271 446 2305 per
484 2259 665 2293 visionem
708 2257 895 2293 sensibilem
935 2257 1077 2291 locutus
1115 2255 1225 2292 fertur
1264 2257 1488 2301 Abrahamo,

68 2319 187 2363 Moysi
213 2319 264 2362 (in
291 2320 380 2354 rubo
419 2328 453 2353 et
479 2319 601 2362 nube),
639 2320 799 2364 itemque
839 2318 944 2352 Iosue
983 2317 1095 2361 (Gen.
1120 2318 1200 2352 XII.
1239 2317 1319 2352 XV.
1359 2318 1488 2361 XVII.,

68 2376 183 2415 Exod.
210 2377 287 2418 ΙΙΙ.,
315 2378 384 2412 Ios.
417 2378 476 2422 1.).
500 2397 543 2404 —-
571 2379 639 2413 Per
666 2378 1039 2422 repraesentationem
1074 2377 1320 2422 imaginariam
1358 2379 1490 2423 passim

71 2436 182 2481 fertur
208 2437 348 2471 locutus
374 2437 564 2483 Prophetis
591 2438 637 2472 V.
666 2437 711 2472 T.
742 2458 782 2463 —-
812 2437 880 2471 Per
904 2437 1161 2472 intelleclualem
1200 2437 1487 2483 inspirationem,

67 2508 130 2531 seu
156 2497 295 2542 species
319 2496 566 2543 intelligibiles
592 2497 705 2531 menti
747 2497 917 2532 divinitus
959 2496 1164 2543 impressas,
1193 2497 1335 2532 locutus
1377 2496 1492 2533 fertur

74 2555 214 2591 Elisaeo
242 2555 322 2601 (IV.
348 2557 438 2602 Reg.
475 2556 553 2600 ΙΙΙ.)
587 2556 735 2603 aliisque
773 2557 884 2591 etiarn
925 2557 1124 2603 Prophetis.
1155 2577 1196 2582 —
1224 2558 1322 2592 Haec
1361 2559 1489 2592 omnia

66 2616 323 2652 tantummodo
348 2617 544 2651 innuimus:
571 2618 750 2662 pertinent
778 2617 876 2651 enim
904 2617 1023 2663 potius
1049 2617 1092 2651 ad
1119 2617 1376 2664 Theologiam.
1480 2607 1483 2609 ⁵
