1737 2802
809 108 1043 163 „53-

205 218 358 262 partes,
394 219 575 260 quarum
613 205 731 261 prior
756 202 1117 248 fundamentalem
1142 203 1289 246 statuit
1310 202 1533 246 veritatem
1553 201 1636 260 (Ι),

205 275 331 318 altera
369 290 469 317 vero
494 290 543 316 ex
577 287 732 318 statuta
756 276 931 318 veritate
955 274 1097 331 magni
1122 272 1394 316 corollarium
1420 272 1634 316 momenti

210 346 396 389 deducit.
435 346 528 388 Hac
568 362 698 403 porro
734 347 774 389 in
809 346 919 390 thesi
951 346 1186 403 loquimur,
1218 357 1427 402 utpatet,
1459 343 1635 388 dejure

205 430 379 474 accepto
416 431 498 473 pro
528 425 718 474 potestate
754 417 941 473 legitima.

326 490 358 533 Ι.
392 491 561 533 Veritas
598 488 932 533 demonstranda
955 489 1057 533 haec
1089 502 1166 546 est,
1188 489 1290 532 iuris
1310 487 1637 546 officiiqueprin-
1682 518 1690 523 -

204 562 352 620 cipiunt
388 576 478 603 vere
511 575 556 603 ac
585 563 749 618 proprie
772 577 849 605 esse
884 561 1017 619 Iegem,
1051 578 1144 614 seu,
1164 559 1281 618 quod
1314 558 1429 602 idem
1462 570 1542 611 est,
1566 559 1633 602 ius

204 644 244 675 et
269 631 461 674 officium
498 648 520 674 a
550 630 625 686 lege
658 634 824 675 exoriri:
859 632 901 675 id
934 633 1066 688 enim,
1099 647 1121 674 a
1142 645 1228 688 quo
1251 619 1412 688 aliquid
1432 629 1631 682 exoritur,

204 701 332 745 huius
363 705 612 760 prinripium
647 705 823 761 proprio
858 719 903 746 ac
941 704 1090 746 stricto
1124 718 1252 746 sensu
1286 699 1519 759 appellatur
1550 699 1631 758 (2).

321 773 382 817 Ac
418 776 560 832 primo
595 776 784 832 quidem,
820 775 938 833 quod
986 774 1158 831 officinm
1207 789 1228 816 a
1275 772 1369 830 lege
1402 772 1637 830 exoriatur,

200 845 243 888 id
277 858 391 903 patet
424 845 661 889 manifeste.
683 846 894 891 Officium
918 846 1031 889 enim
1057 858 1120 888 est
1145 843 1305 888 morale
1329 842 1523 887 debitum
1555 858 1631 886 seu

203 916 411 974 obligatio
449 918 637 962 moralis.
674 920 808 977 Atqui
842 917 1003 960 morale
1038 916 1229 960 debitum
1249 914 1438 959 dimanat
1470 930 1493 958 a
1523 913 1635 972 lege.

201 989 318 1047 Ergo
353 987 549 1032 officium
606 1005 627 1032 a
675 989 768 1048 lege
808 990 1017 1045 exoritur,
1050 1001 1089 1031 et
1122 986 1302 1046 proinde
1335 986 1385 1030 ad
1417 986 1557 1044 legem
1589 1001 1637 1029 se

201 1058 325 1102 habet
360 1072 403 1102 ut
440 1061 743 1118 principiatum
782 1060 832 1104 ad
873 1075 1000 1102 suum
1038 1058 1558 1117 principium.——Quare
1581 1048 1637 1111 de*

204 1133 289 1174 inre
323 1144 492 1174 tantum
527 1145 656 1175 restat
691 1131 1078 1175 demonstrandum
1113 1143 1154 1174 et
1186 1131 1348 1188 ipsum,
1373 1128 1487 1173 haud
1511 1143 1638 1172 secus

201 1218 247 1246 ac
283 1202 496 1258 officium,
522 1203 659 1261 alege
693 1202 921 1261 proficisci.

323 1274 401 1331 1.⁰)
435 1276 674 1329 Arguimus
711 1276 853 1332 primo
878 1291 928 1317 ex
949 1274 1214 1332 permissione
1235 1276 1268 1316 te
1298 1276 1346 1329 is,
1370 1287 1499 1329 quam
1532 1285 1633 1314 sane

198 1346 534 1401 permissionem
571 1346 635 1388 ius
669 1346 712 1388 in
746 1361 826 1389 suo
862 1357 1073 1402 conceptu
1108 1343 1300 1387 involvit.
1325 1369 1384 1375 —-
1413 1343 1486 1387 Ius
1520 1354 1638 1386 certe

198 1417 386 1459 exoritur
419 1433 439 1459 a
462 1416 568 1473 lege,
594 1418 627 1460 si
650 1419 689 1460 in
715 1434 789 1460 sua
812 1417 1038 1461 existentia
1061 1415 1274 1475 dependet
1302 1431 1324 1459 a
1353 1416 1635 1473 permissione,

196 1501 285 1529 non
321 1487 402 1529 iam
437 1489 562 1531 solius
586 1488 711 1545 fami,
745 1488 819 1532 sed
853 1489 980 1531 etiam
1015 1488 1123 1545 legis,
1148 1503 1280 1546 eaque
1303 1503 1393 1531 non
1416 1487 1500 1530 iam
1525 1501 1630 1531 mere

197 1559 400 1614 negativa,
434 1558 508 1602 sed
542 1560 668 1602 etiam
697 1562 889 1617 positiva.
923 1560 1055 1618 Atqui
1080 1560 1136 1601 ita
1168 1574 1233 1602 res
1268 1574 1313 1601 se
1346 1557 1484 1602 habet.
1511 1558 1627 1614 Ergo

197 1627 262 1670 ius
298 1630 492 1672 exoritur
526 1646 547 1673 a
580 1630 699 1688 lege:
736 1647 757 1673 a
790 1630 898 1688 lege,
933 1631 1123 1688 inquam,
1157 1630 1342 1688 positiva
1382 1629 1449 1673 vel
1496 1641 1627 1672 natu-

197 1698 288 1751 rali,
324 1716 370 1743 ac
405 1700 586 1744 demum
611 1717 631 1743 a
655 1700 748 1759 lege
772 1716 956 1755 aeterna,
983 1703 1102 1744 cuius
1127 1714 1290 1745 ceterae
1318 1700 1435 1758 leges
1459 1715 1634 1756 omneS,

199 1771 572 1828 quemadmodum
606 1773 647 1815 in
694 1775 830 1830 capite
879 1786 1028 1831 quarto
1078 1773 1312 1830 superioris
1361 1773 1490 1831 partis
1537 1771 1632 1815 fuse
1682 1780 1685 1781 ’

199 1841 495 1896 ostendimus,
521 1855 621 1887 sunt
656 1843 721 1887 vel
756 1844 1028 1888 immediatae
1060 1843 1126 1888 vel
1158 1843 1367 1888 mediatae
1400 1843 1626 1903 participa-

201 1923 358 1956 tiones.

321 1984 434 2028 Cum
469 1987 702 2042 praemissa
737 1988 868 2030 maior
891 1987 945 2029 sit
969 1986 1158 2042 evidens,
1184 1986 1417 2044 probamus
1440 2000 1635 2031 tantum-

198 2054 335 2099 modo
371 2058 579 2101 minorem.
599 2058 846 2116 —Duplex
880 2058 1159 2116 distinguitur
1191 2059 1438 2116 permissio:
1471 2075 1633 2118 nempe

196 2127 428 2182 permissio
453 2128 576 2171 sotius
589 2129 698 2186 facti
720 2141 760 2172 et
778 2131 1008 2187 permissio
1029 2130 1121 2187 legis
1140 2129 1238 2188 (seu
1257 2130 1490 2187 permissio
1509 2132 1632 2186 iuris,

195 2206 241 2238 ut
264 2198 406 2239 vocari
444 2200 604 2255 passim
640 2199 768 2254 solet,
803 2200 1017 2244 sumendo
1048 2202 1111 2244 ius
1134 2216 1213 2258 pro
1249 2201 1355 2258 lege).
1389 2202 1627 2246 Permissio

292 2386 350 2431 (ι)
378 2387 481 2422 Hanc
508 2391 694 2424 veritatem
724 2392 758 2425 {n
788 2391 1081 2437 praecedentibus
1108 2391 1267 2427 thesibus
1294 2393 1436 2438 saepius
1470 2393 1522 2428 uti
1559 2393 1629 2429 de-

193 2453 437 2480 monstratam
465 2449 736 2493 assumpsimus:
764 2461 860 2484 nunc
888 2461 981 2494 eam,
1009 2451 1090 2486 data
1117 2462 1238 2497 opera,
1265 2454 1477 2498 probamus.

291 2504 346 2548 (2)
375 2504 432 2540 Cf.
462 2517 504 2540 ea
531 2518 621 2552 quae
650 2507 694 2542 de
717 2509 892 2556 principio
921 2518 953 2544 et
975 2509 1221 2557 principiatoa
1238 2505 1401 2557 probatis
1419 2512 1630 2548 auctoribus

193 2561 382 2596 traduntur
409 2563 445 2598 {n
474 2564 689 2612 Ontologia.
