1737 2802
667 138 933 181 -353-

232 240 240 253 s
274 223 426 268 D’ogni
453 222 596 257 malizia
623 220 678 256 ch*
693 221 780 256 odio
808 222 845 255 in
874 220 968 255 cielo
995 221 1170 267 acquista‚

324 282 484 329 Ingiuria
510 284 528 316 ὲ
555 282 580 316 il
606 281 691 325 fine,
717 281 759 316 ed
787 281 875 327 ogni
902 280 951 315 fin
979 281 1098 315 cotale

326 342 360 377 O
389 353 459 376 con
486 340 583 376 forza
609 352 630 375 0
659 353 728 375 con
757 340 858 375 frode
886 340 993 375 altrui
1021 339 1207 374 contrista.

87 442 228 485 Porro
261 455 352 496 eos,
385 440 458 497 qui
490 439 766 483 vi.iniuriam
791 437 966 495 faciunt,
990 439 1032 481 in
1055 450 1142 481 tres
1167 437 1319 481 dividit
1347 437 1518 493 classes,

20 499 28 506 ⁶
88 514 115 557 i.
150 528 184 555 e.
220 512 264 554 in
296 509 512 553 violentos
548 522 696 553 contra
729 511 892 558 Deum,
928 522 1074 552 contra
1123 525 1182 563 se,
1218 521 1366 552 contra
1414 524 1522 566 pro-

88 586 273 627 ximum:

280 693 313 727 A
339 694 425 733 Dio,
450 703 469 726 a
497 694 547 735 se,
572 691 604 725 al
632 691 814 736 prossimo
843 691 872 724 si
898 701 1019 737 puone

330 753 396 787 Far
422 750 530 793 forza3
559 749 639 784 dico
667 750 702 784 in
731 749 810 783 loro
838 749 880 783 ed
908 750 943 784 in
972 749 1027 784 lor
1055 760 1139 784 cose

331 811 567 847 Com'udirai
595 821 664 844 con
691 819 815 856 aperta
843 810 1006 856 ragione.

93 924 216 968 Alios
249 937 412 979 autem,
446 923 471 966 i.
506 939 541 966 e.
576 922 888 983 fraudulentos,
922 923 1072 973 dividit
1114 924 1156 966 in
1205 922 1308 966 duas
1357 923 1525 967 classes:

93 996 209 1040 fraus
243 996 358 1038 enirn
392 993 483 1039 fieri
519 1007 661 1053 potest
693 994 760 1037 vel
794 996 836 1038 in
871 1010 947 1038 eos
983 996 1055 1053 qui
1088 993 1213 1037 nobis
1249 993 1402 1051 fidunt,
1425 1011 1460 1038 e.
1484 1011 1526 1053 g.

95 1070 137 1111 in
171 1080 382 1126 parente3‚
415 1067 481 1110 vel
515 1069 555 1109 in
590 1083 664 1121 eos
699 1068 772 1125 qui
805 1066 929 1109 nobis
964 1082 1051 1109 non
1084 1065 1223 1108 fidunt
1256 1066 1335 1124 (1):

287 1193 337 1228 La
364 1192 480 1234 frode,
509 1191 595 1226 ond'
610 1193 697 1238 ogni
725 1192 911 1226 coscienza
938 1194 956 1226 e
983 1203 1118 1234 morsa,

336 1254 414 1288 Puo
442 1251 462 1285 Γ
480 1263 591 1285 uomo
619 1262 721 1286 usare
748 1252 783 1285 in
811 1251 906 1286 colui
934 1251 1001 1285 che
1028 1253 1056 1285 si
1082 1251 1166 1294 fida,

336 1311 364 1344 E
390 1312 425 1344 in
454 1311 574 1357 quello
602 1311 670 1345 che
696 1310 835 1345 fidanza
863 1322 937 1345 non
967 1311 1136 1346 imborsa.

98 1434 215 1476 Hinc
243 1432 440 1476 violentos
466 1431 646 1474 collocat
670 1433 714 1475 in
737 1431 884 1488 'tribus
919 1433 1035 1490 gyris
1061 1432 1231 1490 septimi
1257 1432 1530 1490 cycli,frau-

101 1504 283 1548 dulentos
314 1504 358 1546 in
391 1516 544 1546 octavo
578 1516 619 1546 et
653 1518 770 1546 nono
806 1503 940 1561 cyclo.
976 1504 1024 1546 In
1059 1516 1228 1560 octavo,
1263 1520 1394 1562 quem
1431 1505 1531 1548 Ma-

100 1574 244 1632 lebolge
275 1573 468 1632 appellat,
502 1574 613 1617 locat
645 1574 938 1618 fraudulentos
971 1575 1175 1618 adversus
1225 1591 1289 1618 eos
1335 1577 1405 1634 qui
1450 1592 1533 1619 non

98 1645 246 1698 fidunt:
280 1644 360 1688 hos
394 1644 612 1688 distribuit
644 1645 687 1687 in
712 1645 861 1688 decem
883 1644 1056 1699 classes,
1084 1647 1170 1689 i.fe;
1197 1647 1240 1689 in
1263 1646 1533 1702 seductores,

100 1715 357 1773 adulatores,
377 1717 655 1774 simoniacos,
680 1718 960 1774 coniectores,
984 1717 1252 1775 deceptores,
1271 1717 1533 1776 hypocritas,
1559 1764 1562 1767 ,

102 1786 236 1840 fures,
270 1802 496 1844 perversos
547 1787 827 1842 consiliarios,
859 1800 1057 1831 auctores
1108 1788 1405 1842 dissidiorum,
1454 1788 1536 1832 fal-

103 1859 254 1902 sarios.
287 1858 336 1901 In
367 1872 483 1901 nono
506 1858 617 1900 locat
641 1857 936 1901 fraudulentos
960 1859 1160 1902 adversus
1188 1875 1250 1903 eos
1282 1860 1354 1917 qui
1377 1859 1534 1918 fidunt,

103 1931 128 1973 i.
165 1946 201 1973 e.
235 1929 481 1988 proditores
526 1942 673 1972 contra
723 1942 930 1986 parentes,
966 1932 1185 1984 concives,
1220 1931 1428 1989 hospites,
1460 1930 1538 1974 be-

106 2000 363 2046 nefactores:
398 2000 512 2043 hunc
560 2016 729 2043 nonum
779 2000 965 2058 cyclum,
1010 2001 1296 2060 appellatione
1345 2001 1471 2045 ducta
1516 2018 1539 2044 a

103 2085 290 2130 quatuor
322 2073 489 2130 magnis
524 2071 819 2130 proditoribus
856 2073 963 2116 Cain
1011 2075 1232 2117 Antenore
1282 2072 1537 2116 Ptolemaeo

202 2294 253 2337 (1)
280 2294 331 2329 Ex
357 2293 454 2328 hisce
482 2294 621 2328 duobus
649 2294 768 2328 modis
795 2293 963 2327 iniuriam
1003 2292 1128 2327 fraude
1166 2293 1410 2339 perpetrandi,
1442 2293 1542 2338 prior

107 2352 168 2386 ille
194 2361 246 2387 est
272 2353 430 2387 deterior
455 2353 580 2387 altero.
609 2353 650 2387 In
683 2353 754 2386 hoc
794 2354 892 2387 enim
930 2353 1044 2387 altero
1083 2352 1240 2387 violatur
1278 2351 1537 2387 tantummodo

105 2411 293 2446 vinculum
320 2412 475 2457 gencrale
514 2412 662 2455 amoris,
690 2423 760 2458 quo
789 2423 872 2458 erga
906 2423 1016 2447 omnes
1054 2412 1225 2447 homines
1268 2421 1396 2458 utpote
1438 2414 1544 2446 nobis

107 2480 234 2505 natura
259 2471 425 2517 aequales
460 2471 626 2516 ligamur.
666 2472 706 2505 In
745 2471 809 2505 illo
848 2483 934 2506 vero
972 2471 1128 2506 violatur
1167 2471 1353 2505 vinculum
1395 2471 1539 2517 speciale

109 2531 256 2572 amoris,
283 2542 354 2576 quo
383 2542 465 2576 erga
493 2531 622 2576 aliquos
648 2531 818 2565 homines
847 2539 971 2576 utpote
1010 2532 1187 2578 sanguine
1227 2531 1342 2576 patria
1383 2531 1543 2565 amicitia

117 2589 302 2624 beneficiis
329 2590 520 2625 nobiscum
548 2591 765 2625 coniunctos
792 2591 925 2625 arctius
952 2591 1222 2638 adstringimur.

1355 2647 1394 2681 23
