1737 2802
70 241 125 270 ex
155 240 221 279 eo,
257 223 374 283 quod
407 222 516 267 male
551 223 684 266 utitur
716 238 783 280 eo,
807 222 916 266 idest
948 223 1039 266 sine
1062 224 1313 266 necessitate
1338 236 1378 267 et
1403 239 1502 266 cau-

69 298 156 340 tela
188 295 337 340 debita.
370 294 557 339 Videtur
589 295 704 337 enim
739 309 911 352 parvam
944 294 1224 337 reverentiam
1259 294 1414 337 habere
1447 294 1499 338 ad

74 368 234 424 Deum,
266 367 338 425 qui
372 382 473 410 eum
506 382 557 409 ex
588 364 668 408 levi
705 381 827 408 causa
862 377 1016 408 testem
1051 364 1226 408 inducit:
1260 365 1377 423 quod
1410 382 1498 409 non

72 448 363 496 praesumeret
396 437 522 480 etiam
559 435 609 479 de
632 436 774 493 aliquo
797 437 891 478 viro
917 435 1114 479 honesto.
1143 437 1346 479 Imminet
1370 437 1497 480 etiam

74 509 314 568 periculum
348 508 536 567 periurii:
572 509 670 566 quia
702 507 753 551 de
788 507 895 550 facili
931 507 1066 551 homo
1104 509 1145 551 in
1179 508 1308 551 verbo
1358 508 1498 552 delin—

70 581 204 638 quit»
231 580 390 623 Iisdem
416 578 577 623 duabus
599 578 849 631 rationibus,
870 595 920 622 ex
943 581 1094 635 origine
1117 592 1157 622 et
1182 596 1230 622 ex
1243 579 1345 638 fine,
1364 581 1499 623 utitur

74 651 285 696 Solimani
317 650 389 709 (1)
421 649 472 693 ad
508 650 776 708 probandum
811 651 1105 693 iuramentum
1141 666 1233 694 esse
1281 651 1500 694 secundum

67 737 110 766 se
144 721 389 766 honestum:
427 740 449 762 ‹<
470 721 736 765 Huiusmodi
760 722 1083 764 actionevtacite
1106 735 1330 779 testamur,
1354 723 1500 766 Deum

73 793 226 836 habere
260 793 573 850 providentiam
609 808 751 836 rerum
787 792 1092 848 humanarum,
1120 794 1404 851 omniumque
1429 809 1499 837 co·

68 865 313 922 gnitionem
347 880 392 907 ac
426 876 698 921 potestatem.
735 865 956 907 Praeterea
990 863 1291 907 iusiurandum
1325 863 1434 921 facit,
1455 877 1499 907 ut

71 951 151 978 nos
187 935 240 979 ob
274 937 477 979 timorem
511 948 552 979 et
597 937 876 979 reverentiam
926 936 1059 979 divini
1110 937 1299 979 numinis
1347 951 1499 979 verum

66 1006 279 1064 dicamus,
307 1006 436 1051 fidem
471 1023 708 1061 servemus,
745 1024 891 1065 pacem
927 1023 1022 1051 cum
1059 1008 1149 1050 aliis
1189 1008 1395 1065 colamus,
1431 1024 1501 1066 pa-

72 1080 150 1122 ctis
184 1092 363 1132 stemus,
396 1078 541 1121 litibus
580 1078 709 1122 finem
760 1080 1052 1136 imponamus,
1088 1095 1194 1137 quae
1243 1071 1354 1122 bona
1403 1091 1501 1122 sunt

72 1162 200 1208 atque
233 1149 283 1193 ad
317 1151 547 1192 humanam
584 1149 824 1193 felicitatem
862 1149 1140 1194 obtinendam
1180 1151 1378 1209 inprimis
1422 1165 1501 1194 ne-

72 1222 264 1264 cessaria.
285 1240 306 1261 »
341 1221 496 1279 Neque
529 1222 646 1264 aliter
679 1221 744 1263 alii
779 1234 962 1278 arguunt
1008 1234 1222 1273 auctore5‚
1264 1238 1314 1264 ex
1348 1223 1499 1279 origine

71 1307 228 1351 nempe
262 1292 551 1348 iurisiurandi,
588 1292 869 1350 eiusdemque
898 1293 998 1352 βῆν.

192 1365 252 1408 Ut
285 1376 426 1407 autem
463 1364 628 1422 plenius
661 1364 940 1421 intelligatur,
975 1380 1184 1422 quaenam
1229 1366 1499 1422 requirantur

66 1448 113 1478 et
145 1434 355 1478 sufficiant
389 1434 675 1493 conditiones,
709 1450 753 1478 ut
788 1437 1032 1493 iuramenti,
1060 1435 1178 1494 quod
1214 1435 1499 1493 proculdubio

72 1507 311 1551 secundum
345 1522 390 1550 se
423 1519 485 1550 est
519 1506 698 1564 bonum,
732 1523 834 1550 usus
869 1508 994 1550 etiam
1030 1508 1084 1549 sit
1118 1506 1256 1550 bonus
1303 1522 1347 1550 ac
1392 1523 1499 1550 con-

65 1578 265 1631 veniens,
300 1578 525 1621 notissima
559 1577 628 1622 illa
663 1578 989 1621 considerentur
1038 1578 1178 1635 verba,
1227 1594 1336 1636 quae
1384 1577 1497 1636 apud

65 1649 296 1692 Ieremiam
330 1649 397 1707 (2)
429 1647 644 1705 leguntur:
681 1648 898 1707 «Iurabis,
931 1649 1050 1693 Vivit
1085 1649 1318 1703 Dominus,
1353 1650 1396 1692 in
1420 1666 1497 1693 ve-

64 1881 183 1916 ‘usque
209 1870 253 1904 ad
281 1871 394 1915 prima
422 1870 596 1915 principia
625 1870 937 1911 demonstrabilia,
965 1870 1171 1916 quiescitur;
1201 1870 1248 1904 ita
1276 1867 1395 1903 difflua
1422 1869 1503 1915 lege

64 1929 316 1965 'introductum
344 1940 408 1971 est,
435 1930 528 1975 quod
569 1941 652 1964 cum
691 1929 897 1975 pervenitur
935 1928 979 1962 ad
1020 1928 1174 1974 primam
1212 1929 1414 1971 veritatem,
1440 1937 1495 1964 est

63 1998 194 2031 status,
222 1989 318 2035 quod
345 1988 383 2024 fit
410 1989 554 2035 quando
580 1990 654 2035 ipsa
682 1989 716 2023 in
743 1987 995 2023 testimonium
1025 1988 1224 2023 invocatur.
1243 2004 1255 2016 u

165 2047 219 2094 (ι)
245 2048 332 2083 Loc.
359 2049 430 2082 iam
461 2048 520 2083 cit.

166 2107 221 2153 (2)
245 2107 332 2154 Cap.
361 2107 423 2142 IV.
451 2120 484 2143 v.
503 2118 536 2142 2.
552 2108 658 2150 Quae
678 2108 711 2141 in
733 2109 840 2142 verba
868 2107 918 2141 sic
940 2115 1021 2151 apte
1048 2117 1075 2140 s.
1095 2106 1273 2150 Thomas,
1291 2115 1320 2141 2.
1341 2117 1372 2142 2.
1389 2117 1423 2153 q.
1445 2107 1502 2152 89.

64 2176 103 2200 va.
131 2176 176 2211 3.:
207 2167 295 2201 «Ad
321 2167 460 2201 bonum
488 2177 591 2201 usum
619 2165 812 2200 iuramenti
839 2165 910 2200 duo
937 2165 1181 2211 requiruntur.
1210 2184 1254 2191 —
1282 2165 1400 2200 Primo
1425 2165 1504 2211 qui-

63 2225 167 2267 dem,
193 2225 288 2272 quoi
315 2225 443 2272 aliquis
470 2236 543 2260 non
571 2225 709 2268 leviter,
736 2224 797 2260 sed
824 2236 867 2259 ex
892 2224 1099 2259 necessaria
1127 2234 1234 2258 causa
1273 2231 1307 2259 et
1347 2223 1503 2259 discrete

72 2285 174 2320 iuret:
203 2293 237 2320 et
264 2293 438 2330 quantum
465 2284 508 2319 ad
543 2284 612 2320 hoc
650 2285 841 2331 requiritur
876 2283 1053 2327 iudicium,
1080 2283 1161 2318 scil.
1203 2283 1433 2319 discretionis
1460 2295 1502 2317 ex

65 2352 172 2389 ‘parte
200 2343 359 2379 iurantis.
397 2363 434 2369 —
458 2342 606 2378 Secundo
633 2342 790 2391 quidem,
819 2351 992 2389 quantum
1019 2341 1063 2377 ad
1097 2341 1144 2385 id,
1181 2342 1276 2389 quod
1316 2353 1379 2388 per
1405 2341 1503 2376 iura-

61 2411 233 2437 mentum
263 2401 508 2445 confirmatur,
534 2411 573 2437 ut
611 2402 690 2437 scil.
724 2413 842 2449 neque
880 2401 926 2438 sit
965 2400 1107 2442 falsum,
1135 2411 1254 2448 neque
1287 2401 1331 2437 sit
1367 2399 1503 2448 aliquid

61 2461 249 2498 'illicitumz
278 2472 312 2497 et
340 2470 515 2509 quantum
541 2461 584 2496 ad
611 2462 682 2497 hoc
720 2462 911 2509 requiritur
945 2461 1088 2503 veritas,
1118 2472 1181 2507 ptr
1220 2471 1328 2508 quam
1368 2459 1501 2506 aliquis

61 2521 272 2557 iuramento
298 2520 492 2558 confirmat
518 2520 614 2568 quoi
640 2532 766 2556 verum
794 2530 858 2564 est,
878 2531 911 2556 et
927 2520 1076 2564 iustitia,
1095 2531 1159 2567 per
1177 2531 1286 2567 quam
1306 2519 1501 2556 con‘irmat

63 2579 168 2627 -quod
193 2579 335 2616 licitum
362 2588 428 2616 est.
450 2595 467 2612 »
