1737 2802
704 150 970 194 -243-

240 239 315 282 Est
347 236 489 295 aliqua
523 236 686 280 occisio
731 234 920 288 alterius,
954 248 1084 292 quam
1134 247 1287 276 omnes
1332 231 1561 291 reprobant

120 324 169 355 ut
202 311 420 364 iniustam,
452 326 495 352 v.
527 324 570 366 g.
605 306 767 366 pacifici
801 307 976 350 viatoris
1010 305 1170 349 occisio
1204 320 1226 347 a
1257 303 1422 347 latrone
1455 301 1561 346 facta

121 381 173 426 ad
206 382 298 424 eius
332 380 563 438 pecuniam
588 377 897 436 abripiendam:
932 388 996 420 est
1019 375 1158 433 aliqua
1191 374 1350 418 occisio
1373 373 1562 427 alterius,

118 467 252 512 quam
286 465 438 494 omnes
474 451 684 508 sapientes
724 454 783 503 (ι)
820 447 1055 492 admittunt
1089 447 1244 490 iustam
1278 461 1371 489 esse
1413 460 1460 487 ac
1506 443 1562 487 li-

121 525 263 580 citam,
296 539 334 566 v,
371 537 415 579 g.
464 520 698 579 parricidae
747 520 909 563 occisio
958 535 1008 562 ex
1056 519 1169 575 regis
1219 517 1472 561 auctoritate
1516 517 1560 560 in

125 610 310 654 poenam
345 594 574 652 perpetrati
612 592 814 636 criminis.
851 592 999 644 Quare
1039 591 1154 633 iuxta
1207 603 1382 633 sensum
1432 603 1559 631 com-

123 681 301 710 munem
336 666 498 709 occisio
532 664 703 708 alterius
754 662 959 707 dividitur
994 663 1038 705 in
1071 664 1267 706 iniustam
1317 674 1357 704 et
1391 662 1559 705 iustam.

129 740 242 782 Hinc
275 738 412 781 oritur
445 737 653 795 quaestio:
690 734 803 778 unde
838 743 1007 778 c'onstet
1041 748 1251 792 quaenam
1286 732 1446 776 occisio
1495 731 1558 775 al-

119 809 250 852 terius
284 808 339 850 sit
373 807 532 862 illicita,
569 822 776 865 quaenam
811 822 915 850 vero
949 806 1092 849 licita?

243 878 311 922 Ad
346 894 474 936 quam
510 878 762 921 solvendam
797 878 1093 936 quaestionem
1144 876 1332 932 adverte,
1369 875 1558 919 occisio-

130 965 231 993 nem
270 949 442 993 alterius
487 949 770 993 voluntariam
804 950 864 1007 (2)
899 948 1057 1007 duplici
1109 960 1231 1007 pacto
1278 947 1368 991 fieri
1418 961 1560 1004 posse,

130 1037 287 1079 nempe
321 1022 573 1065 auctoritate
611 1020 776 1079 publica
810 1033 850 1064 et
883 1021 1134 1064 auctoritate
1171 1020 1345 1077 privata
1379 1022 1452 1075 (3).
1488 1019 1555 1062 De

123 1093 342 1136 occisione
377 1093 550 1136 alterius
586 1107 640 1136 ex
663 1091 829 1150 publica
863 1093 1116 1135 auctoritate
1139 1090 1247 1135 facta
1268 1107 1357 1135 non
1382 1104 1446 1135 est
1469 1091 1554 1136 hoc

123 1163 221 1208 loco
265 1164 499 1222 agendum,
534 1164 610 1208 sed
658 1163 963 1207 tantummodo
1012 1163 1064 1207 de
1113 1164 1330 1207 occisione
1377 1162 1549 1207 alterius

122 1235 229 1282 facta
261 1253 312 1280 ex
345 1238 510 1295 privata
543 1237 808 1280 auctoritate.
831 1260 889 1268 —-
912 1237 1029 1279 Haec
1062 1247 1205 1279 autem
1239 1246 1382 1293 potest
1406 1251 1556 1279 rursus

121 1307 349 1364 dupliciter
372 1307 481 1365 fieri,
504 1307 699 1351 videlicet
732 1316 850 1350 extra
873 1322 1013 1350 caszmn
1037 1319 1076 1350 et
1102 1308 1144 1350 in
1165 1322 1263 1351 casu
1286 1307 1552 1351 necessariae

122 1378 384 1424 defensionis
420 1392 568 1423 contra
601 1380 810 1422 iniustum
845 1393 1162 1436 aggressorem.

240 1452 273 1496 Ι.
311 1451 466 1497 Occisio
498 1451 665 1495 alterius
688 1451 808 1509 facta
831 1466 880 1494 ex
897 1452 1073 1508 privata
1106 1450 1342 1494 auctoritate
1375 1459 1412 1494 et
1435 1458 1556 1494 extra

120 1539 258 1569 casum
289 1525 534 1569 necessariae
568 1523 810 1581 defensionis
843 1531 983 1566 contra
1016 1523 1220 1566 iniustum
1267 1536 1557 1579 aggressorem,

119 1605 218 1640 certe
251 1605 307 1641 est
340 1596 497 1640 illicita.
524 1621 576 1626 —
608 1595 726 1637 Haec
758 1595 937 1636 assertio
972 1591 1093 1636 facile
1127 1604 1252 1651 patet:
1288 1592 1550 1650 supponitur

121 1667 256 1725 enim,
289 1666 427 1711 occidi
460 1667 641 1710 alterum
675 1663 831 1722 absque
865 1665 1116 1707 necessitate
1152 1662 1414 1707 defensionis
1447 1661 1553 1705 boni

219 1899 275 1943 (1)
303 1897 358 1932 De
385 1896 607 1943 sapientibus
634 1896 830 1942 loquimur,
858 1895 1031 1930 iudicium
1071 1895 1292 1941 sapientium
1329 1893 1556 1939 inquirimus.

125 1958 268 1994 Etenim
297 1956 509 1991 «iudicium
537 1954 581 1991 de
608 1956 714 1990 bonis
740 1954 921 1997 humanis,
948 1954 1061 2001 inquit
1089 1965 1117 1990 s.
1142 1954 1318 1997 Thomas,
1351 1963 1378 1988 1.
1398 1961 1432 1987 2.
1458 1963 1493 1998 q.
1526 1959 1556 1985 2.

121 2029 158 2054 a.
183 2028 222 2061 1.,
243 2029 317 2052 non
346 2016 452 2051 debet
480 2016 574 2051 sumi
601 2028 621 2050 a
647 2015 776 2057 stultis,
802 2014 864 2050 sed
893 2026 912 2049 a
939 2014 1172 2060 sapientibus:
1199 2013 1289 2048 sicut
1316 2021 1350 2047 et
1379 2011 1554 2046 iudicium

122 2077 170 2112 de
194 2077 382 2124 saporibus
409 2077 453 2111 ab
481 2077 551 2118 his,
580 2075 639 2123 qui
665 2074 799 2110 habent
826 2083 970 2120 gustum
998 2074 1091 2108 bene
1118 2072 1357 2108 moderatum.
1381 2085 1398 2104 »

220 2137 274 2182 (2)
301 2135 549 2172 Homicidium
578 2134 748 2170 dividitur
776 2136 809 2169 in
835 2134 1072 2168 voluntarium
1107 2140 1140 2168 et
1185 2131 1330 2167 casuale.
1356 2130 1560 2177 Loquirnur

124 2204 248 2231 autem
275 2196 310 2229 in
334 2195 402 2230 hac
428 2195 521 2230 thesi
548 2194 592 2230 de
616 2194 818 2229 homicidio
846 2192 1055 2227 voluntario
1084 2200 1119 2227 et
1149 2191 1276 2234 libero,
1301 2200 1377 2224 non
1416 2189 1460 2223 de
1489 2187 1556 2224 ho-

127 2254 275 2290 micidio
302 2265 401 2290 mere
428 2266 469 2289 ac
497 2264 643 2300 prorsus
671 2252 817 2289 casuali.
845 2251 900 2288 Cf.
927 2263 956 2288 s.
983 2252 1182 2294 Thomam,
1210 2260 1241 2286 2.
1270 2261 1302 2286 2.
1330 2261 1363 2297 q.
1390 2248 1448 2292 64.
1476 2261 1505 2285 a.
1526 2247 1559 2284 8.

221 2313 274 2358 (3)
300 2313 362 2349 Nil
390 2313 546 2348 dicimus
572 2312 616 2347 de
643 2312 827 2347 occisione
854 2311 1013 2354 alterius,
1041 2310 1152 2346 etiam
1179 2311 1378 2353 innocentis,
1397 2308 1493 2344 facta
1519 2319 1560 2342 ex

125 2371 289 2413 mandato
319 2372 396 2407 Dei:
424 2384 478 2415 ea,
508 2381 546 2408 ut
572 2381 679 2419 patet,
708 2381 759 2407 est
786 2373 891 2406 iusta.
922 2385 939 2402 «
959 2370 1058 2406 Deus
1076 2370 1183 2406 habet
1202 2370 1410 2405 dominium
1430 2368 1557 2404 mortis

124 2441 162 2468 et
185 2432 292 2468 vitae:
319 2432 396 2467 eius
423 2433 519 2467 enim
548 2431 778 2467 ordinatione
805 2432 1011 2466 moriuntur
1039 2438 1071 2466 et
1101 2439 1309 2477 peccatores
1337 2437 1372 2464 et
1397 2428 1493 2463 iusti.
1513 2428 1557 2463 Et

128 2491 212 2526 ideo
239 2491 312 2534 ille,
341 2491 399 2538 qui
427 2490 602 2526 mandato
628 2491 695 2526 Dei
735 2490 868 2525 occidit
909 2490 1154 2532 innocentem,
1182 2488 1264 2523 talis
1306 2499 1381 2522 non
1418 2494 1560 2533 peccat,

127 2551 222 2587 sicut
248 2563 314 2586 nec
340 2552 416 2598 ipse
445 2552 557 2594 Deus,
577 2552 677 2585 cuius
703 2558 756 2585 est
784 2559 968 2584 executor:
990 2557 1024 2584 et
1051 2548 1252 2584 ostenditur
1270 2549 1388 2583 Deum
1416 2546 1559 2587 timere,

128 2609 207 2645 eius
233 2610 411 2646 mandatis
429 2610 615 2646 obediens.
632 2622 653 2644 >›
680 2609 732 2645 Ita
752 2621 778 2645 S.
798 2608 978 2653 Thomas,
1000 2618 1030 2644 2.
1050 2618 1081 2642 2.
1100 2619 1133 2655 q.
1153 2607 1208 2651 64.
1230 2616 1294 2643 art.
1315 2605 1348 2642 6.
1371 2606 1414 2641 ad
1436 2612 1489 2640 1¹¹².
