1737 2802
722 127 986 170 ..371-

327 208 523 255 multiplici
548 209 620 244 fine
647 209 765 244 cultus
784 209 934 245 externi.
953 228 998 235 —
1015 210 1072 244 De
1098 208 1310 244 habitudine
1337 207 1454 243 cultus

328 269 466 303 externi
493 268 537 302 ad
566 268 703 303 cultum
723 269 916 305 internum.
935 288 979 295 ·—
1000 269 1239 304 Obiectiones
1259 267 1457 303 diluuntur.
1509 277 1571 303 111

232 338 289 373 30.
317 329 529 364 Scholion.
557 347 601 354 —
629 328 668 362 In
696 328 862 362 naturali*
879 337 1074 374 praecepto
1103 328 1146 362 de
1172 338 1343 372 supremo
1378 326 1456 361 Nu·-

328 388 426 422 mine
453 387 610 422 colendo
637 396 720 423 sunt
746 387 837 423 duae
863 386 1144 434 distinguendae
1169 396 1299 433 partes:
1318 407 1362 413 —
1382 398 1455 433 po-

326 447 430 482 sitiva
459 466 500 473 -
526 448 705 493 negativa.
732 467 780 474 —
806 447 905 490 Quid
933 447 1131 494 praecipiat
1167 458 1248 493 pars
1287 447 1456 493 positiva.

327 527 374 533 —
401 506 499 549 Quid
526 515 622 541 vetet
648 518 729 552 pars
768 507 949 553 negativa:
983 506 1149 553 prohibet
1188 507 1382 553 praecipue
1409 525 1454 533 —

328 564 608 610 blasphemiam,
623 565 742 599 cordis
767 565 825 600 vel
843 566 929 608 oris,
947 565 1123 600 directam
1148 565 1205 599 vel
1223 565 1451 608 indirectam,

328 624 578 659 immediatam
606 623 664 660 vel
689 624 886 660 mediatam
909 644 952 650 -—
973 624 1229 668 idololatriam,
1255 623 1454 671 perfectam

329 684 385 718 vel
412 683 681 729 imperfectam.
701 704 749 710 —
766 684 820 719 De
849 684 948 719 cultu
975 684 1190 730 imaginum.
1280 685 1336 719 De
1355 684 1453 723 cultu

327 743 495 778 absoluto
523 752 557 778 et
584 743 748 778 relativo:
783 764 818 769 —
853 743 992 787 latriae,
1032 743 1161 783 duliae,
1199 744 1450 793 hyperduliae.
1524 743 1572 787 ib.

133 803 171 849 §.
199 803 244 838 II.
269 803 321 837 De
350 803 389 836 iis
414 802 635 848 hypotheticis
655 803 781 850 officiis,
801 815 883 850 quae
911 803 1058 838 liberam
1078 804 1245 839 humanae
1263 803 1453 838 voluntatis

326 860 641 896 determinationem
668 868 915 908 consequuntur
918 889 1449 900 ..........
1503 859 1571 898 126

129 919 774 965 ΤΙιΕΞὶΞΧ.-Ι)ευοίο..
841 955 849 964 .
914 956 924 967 .
987 956 998 966 .
1064 955 1073 964 .
1138 957 1148 966 .
1213 956 1222 966 .
1287 958 1296 966 .
1362 912 1374 966 ,Ι
1437 955 1446 964 .
1511 921 1567 965 ib.

231 1003 287 1038 3¹·
313 993 628 1028 Praenotiones.
654 1012 699 1019 ——
718 992 818 1036 Quid
846 993 890 1028 sit
917 1002 1057 1028 votum.
1077 1012 1121 1019 —
1143 993 1358 1040 Quotuplex
1384 994 1451 1029 dis·

325 1052 507 1098 tinguatur
533 1061 673 1087 votum:
701 1073 735 1077 —
757 1053 980 1096 absolutum,
996 1053 1289 1088 conditionatum
1308 1072 1352 1079 —
1371 1063 1452 1100 poe-

321 1110 415 1153 nale,
441 1122 517 1145 non
545 1112 710 1157 poenale.
771 1139 1020 1148 .....
1072 1124 1079 1131 ·
1132 1138 1445 1148 ......
1520 1111 1568 1151 ib.

205 1181 207 1183 ’
231 1180 285 1215 32.
312 1171 633 1206 Demonstratio.
659 1191 707 1197 —
732 1171 871 1206 Votum
904 1180 957 1206 est
995 1171 1244 1207 honorificum
1282 1173 1377 1207 Deo:
1404 1191 1448 1198 —

326 1229 520 1275 expediens
554 1231 673 1265 nobis:
698 1249 745 1257 —-
772 1230 1001 1265 meritorium
1039 1230 1134 1277 apud
1172 1232 1306 1270 Deum:
1335 1251 1376 1256 -
1404 1230 1448 1266 ad

325 1288 379 1322 sui
408 1289 705 1324 observationem
733 1289 886 1336 obligat.
953 1315 1267 1326 ......
1380 1316 1388 1324 .
1441 1316 1451 1325 .
1505 1297 1568 1334 131

178 1380 180 1382 .
231 1356 285 1391 33.
312 1348 528 1383 Scholion.
556 1368 600 1374 —
627 1349 760 1384 Utrum
790 1358 824 1383 et
853 1349 1038 1396 quomodo
1083 1360 1310 1396 consequens
1349 1347 1448 1384 obli-

325 1407 423 1453 gatio
450 1408 526 1442 voti
553 1407 633 1442 tolli
659 1416 720 1442 aut
746 1419 886 1443 cessare
910 1408 1026 1456 possit
1031 1434 1447 1445 ........
1502 1417 1568 1451 140

126 1466 312 1510 Thesis
345 1466 422 1509 XI.
457 1467 610 1510 —De
646 1467 887 1510 iuramento.
984 1502 993 1511 .
1060 1501 1070 1511 .
1134 1502 1143 1511 .
1209 1502 1218 1510 .
1283 1502 1293 1510 .
1357 1501 1371 1513 .
1436 1501 1447 1511 .
1485 1467 1570 1523 146

229 1546 286 1581 34.
309 1539 629 1574 Praenotiones.
649 1558 697 1564 —
723 1539 820 1580 Quid
861 1539 905 1574 sit
946 1539 1203 1574 iuramentum.
1228 1557 1273 1564 —
1301 1538 1448 1582 Quotu-

322 1596 403 1641 plex
431 1597 487 1631 sit:
517 1618 557 1622 —
585 1598 902 1639 contestatorium,
927 1598 1214 1633 exsecratorium
1241 1616 1286 1623 —
1307 1608 1370 1643 per
1397 1597 1448 1642 ip-

322 1667 402 1689 sum
430 1656 565 1698 Deum,
605 1667 669 1702 per
704 1667 782 1690 rem
819 1665 974 1691 creatam
1002 1675 1048 1682 —
1074 1656 1321 1698 assenorium,
1356 1667 1446 1702 pro-

322 1714 532 1749 missorium
538 1741 1444 1751 ................
1520 1715 1555 1751 ib

225 1781 282 1816 35.
309 1774 629 1809 Demonstratio.
648 1794 693 1799 ——
711 1774 961 1808 Iuramentum
983 1784 1036 1809 est
1055 1785 1100 1810 ex
1116 1786 1155 1809 se
1173 1774 1384 1817 honestum.
1400 1793 1447 1800 —

320 1833 370 1868 Ut
397 1842 518 1868 autem
545 1842 642 1868 recte
660 1833 733 1876 fiat,
751 1843 823 1869 tres
850 1833 956 1869 debet
974 1834 1106 1869 habere
1133 1835 1302 1869 comites:
1322 1853 1368 1860 —
1386 1845 1448 1868 ve-

320 1893 461 1928 ritatem
488 1911 533 1919 —
560 1892 734 1927 iudicium
753 1913 797 1918 —
815 1893 1001 1929 iustitiam.
1021 1913 1065 1920 —
1084 1893 1336 1928 Iuramentum
1349 1905 1445 1928 rma-

318 1952 394 1987 lum
420 1952 550 1998 triplex
578 1962 643 1987 est:
672 1971 718 1978 —
744 1952 930 1988 incautum
956 1971 1002 1979 —
1020 1952 1177 1987 mendax
1196 1971 1241 1978 —
1261 1951 1437 1998 iniquum.
1494 1959 1560 1995 152

226 2011 268 2056 36
295 2013 507 2048 Scholion.
538 2032 573 2038 -
606 2013 662 2047 De
688 2012 850 2051 veritate,
880 2023 972 2058 quae
998 2011 1034 2045 in
1061 2012 1265 2047 iuramento
1293 2010 1445 2056 promis-

322 2071 421 2106 sorio
447 2071 649 2118 requiritur.
674 2089 722 2097 —
748 2070 951 2112 Quomodo
980 2078 1095 2105 cesset
1134 2069 1311 2114 obligatio
1344 2070 1444 2103 iura-

321 2130 435 2165 menti
462 2130 701 2176 promissorii.
770 2155 1446 2165 ............
1500 2128 1565 2173 158

128 2189 164 2235 3.
191 2188 332 2224 111.De
359 2190 401 2224 iis
425 2189 644 2236 hypotheticis
670 2200 750 2235 erga
790 2188 901 2223 Deum
939 2188 1066 2236 officiis,
1091 2200 1173 2235 quae
1214 2187 1354 2223 divinae
1386 2187 1448 2233 fa·

322 2253 410 2283 ctum
436 2249 655 2283 rezelatiom's
679 2254 882 2297 supponunt.
957 2273 1447 2285 .........
1501 2246 1566 2284 162

229 2316 284 2353 37.
310 2327 354 2335 —
373 2308 597 2354 Agendum'
589 2320 626 2343 in
645 2308 771 2355 primis
790 2317 843 2343 est
864 2307 907 2342 de
925 2307 1165 2354 possibilitate
1180 2307 1323 2342 divinae
1338 2319 1445 2343 reve-

321 2367 479 2403 lationis.
492 2388 535 2393 -
550 2367 642 2403 Tres
670 2379 807 2403 errores
827 2377 910 2403 sunt
928 2368 1041 2403 tribus
1059 2367 1223 2403 thesibus
1243 2365 1443 2402 refellendi.
1516 2367 1565 2402 ib.

126 2427 310 2472 Thesis
342 2428 442 2470 ΧΠ.
480 2453 531 2459 -
568 2427 772 2472 Revelcztio
807 2427 1044 2470 immediata
1079 2422 1136 2470 est
1163 2425 1384 2485 possibilis.
1435 2460 1445 2470 .
1507 2425 1564 2470 ib.

228 2499 282 2543 38.
309 2499 620 2534 Praenotiones.
651 2519 694 2525 —
720 2498 817 2541 Quid
845 2507 898 2533 est
925 2498 1114 2533 revelatio:
1145 2517 1187 2523 -—
1217 2497 1302 2544 quid
1340 2508 1444 2532 reve-

322 2558 410 2593 latio
436 2558 567 2592 divina:
594 2577 638 2583 —-
665 2557 748 2605 quid
777 2556 947 2593 revelatio
988 2557 1111 2591 divina
1144 2555 1440 2604 supernaturalis:
