1737 2802
753 131 806 137 —-
843 108 929 162 376
960 132 1012 138 -

353 186 540 225 iacturam,
570 195 661 230 quae
688 195 730 218 ex
758 195 828 220 non
849 186 1100 231 acceptatione
1119 194 1177 221 aut
1197 186 1306 221 etiam
1327 198 1371 222 ex
1397 198 1472 222 non

353 243 539 278 oblatione
567 243 674 278 duelli
714 252 894 290 sequatur,
936 245 1234 290 praecavendam.
1262 265 1306 271 —
1336 255 1368 290 3.
1397 245 1474 281 Ex-

355 303 558 347 penduntur
585 303 742 349 quinque
769 305 861 337 circa
889 303 1048 338 duellum
1071 305 1340 351 propositiones
1365 305 1474 340 dam-

353 371 455 396 natae
483 374 501 396 a
527 363 726 397 Beneilicto
757 363 868 398 XIV.:
899 383 943 388 -
970 364 1197 399 obiectiones
1235 365 1432 400 diluuntur.

259 420 315 464 76.
345 422 553 456 Scholion.
573 441 620 448 -
641 422 696 456 De
723 422 844 457 duello
871 422 938 456 hac
964 423 1175 458 conditione
1204 424 1363 467 inito,'ut
1392 432 1476 471 post

355 481 485 515 vulnus
511 481 658 528 aliquod
686 494 760 516 non
789 482 920 517 lethale
948 495 1069 529 pugna
1095 483 1206 518 finem
1235 485 1376 520 habeat.
1412 513 1419 520 .

163 540 344 583 TheSiS
378 541 547 584 XXIV.
567 567 620 572 —
650 541 854 585 Traditur
877 544 986 585 notio
1007 543 1178 586 dominii
1196 545 1474 602 proprietatis.

259 621 312 655 77.
341 613 653 647 Praenotiones.
681 633 722 638 —
753 613 808 648 Ab
836 613 973 648 iniuriis
1000 614 1036 647 in
1063 615 1170 648 bonis
1195 616 1290 649 vitae
1321 623 1356 649 et
1395 626 1477 651 cor-

356 673 451 716 poris
478 671 517 706 fit
544 673 676 717 gradus
706 672 750 706 ad
777 673 925 707 iniurias
953 674 988 707 in
1017 673 1146 719 opibus
1172 685 1233 708 seu
1261 674 1406 710 divitiis.

259 729 308 773 78.
336 732 580 766 Declaratio.
601 732 721 766 -Ius
740 733 911 767 dividitur
937 733 974 766 in
993 734 1048 767 ius
1075 733 1332 769 iurisdictionis
1359 744 1394 769 et
1421 735 1476 769 ius

357 792 598 835 proprietatis.
625 811 669 817 —
697 792 756 826 Ius
783 794 1015 838 proprietatis
1042 794 1076 827 in
1105 794 1157 827 ius
1184 793 1227 828 ad
1255 806 1330 829 rem
1357 803 1392 830 et
1424 795 1479 830 ius

357 851 392 884 in
419 862 467 885 re.
486 871 532 877 --
551 851 608 886 Ius
636 852 670 885 in
698 863 735 885 re
763 852 894 886 dicitur
921 852 1126 886 dominium
1156 854 1398 899 proprietatis:
1425 861 1478 888 est

356 920 475 945 autem
505 911 634 957 duplex
661 930 707 936 —
733 910 880 957 plenum
908 923 970 946 seu
998 911 1200 958 perfectum
1229 932 1275 938 —
1302 913 1478 947 imminu·

358 980 435 1004 turn
474 982 536 1005 seu
576 970 841 1015 imperfectum.
879 991 924 997 —
963 973 1182 1006 Dominium
1224 971 1479 1018 imperfectum

359 1030 530 1064 dividitur
554 1030 590 1064 in
616 1050 660 1056 —
689 1031 863 1065 directum
891 1039 925 1065 et
952 1032 1052 1066 utile:
1072 1051 1116 1058 -
1137 1031 1264 1066 decem
1291 1040 1374 1066 sunt
1400 1043 1480 1078 spe-

359 1091 430 1124 cies
457 1089 610 1124 dominii
636 1090 745 1124 utilis.
811 1117 1479 1127 ............

261 1159 316 1193 79.
346 1150 554 1184 Scholion.
594 1170 617 1174 -
671 1160 697 1184 1.
737 1150 943 1184 Discrimen
987 1151 1079 1184 inter
1122 1150 1401 1195 proprietarium
1442 1158 1478 1185 et

361 1209 560 1251 usuarium,
590 1208 905 1252 usufructuarium,
932 1210 1205 1256 emphyteutam
1245 1219 1312 1244 etc.
1339 1229 1384 1236 —
1409 1210 1480 1245 Di-

361 1270 449 1303 visio
476 1280 594 1303 rerum
623 1270 658 1303 in
686 1271 912 1304 transitorias
932 1279 965 1304 et
993 1270 1150 1314 stabiles,
1170 1269 1328 1305 mobiles
1355 1278 1388 1304 et
1413 1270 1482 1304 im-

361 1329 528 1364 mobiles.
556 1350 601 1355 —
629 1331 815 1365 Possessio
845 1331 894 1364 rei
926 1340 1044 1376 potest
1073 1341 1151 1365 esse
1181 1330 1327 1376 duplex:
1355 1349 1402 1356 —-
1428 1328 1482 1364 le-

362 1390 500 1433 gitima,
539 1389 742 1436 illegitima.
770 1409 813 1415 —
843 1391 931 1425 Dari
970 1398 1089 1435 potest
1127 1401 1251 1424 verum
1279 1391 1330 1425 ius
1368 1390 1404 1424 in
1444 1399 1480 1423 re

361 1450 438 1483 sine
464 1450 597 1483 actuali
622 1451 682 1486 rei.
700 1450 944 1495 possessione.
967 1469 1010 1475 —
1031 1459 1058 1483 2.
1086 1450 1170 1484 Tria
1198 1449 1482 1494 praestituuntur

363 1510 553 1555 principia:
579 1530 623 1536 —
648 1510 749 1544 Deus
776 1518 828 1544 est
855 1510 1042 1544 absolutus
1071 1521 1186 1544 rerum
1214 1509 1382 1544 omnium
1410 1509 1482 1559 do-

362 1569 491 1604 minus:
526 1590 554 1593 —
590 1570 729 1604 nullum
768 1568 909 1603 homini
948 1570 1066 1603 inesse
1104 1578 1223 1614 potest
1260 1569 1480 1611 dominium,

363 1628 460 1676 quod
487 1631 530 1664 ab
557 1630 641 1675 Ipso
668 1641 742 1664 non
772 1628 992 1664 conferatur:
1021 1648 1065 1654 -
1092 1630 1192 1663 Deus
1229 1639 1354 1674 reapse
1389 1639 1483 1663 con·

363 1689 458 1723 cedit
486 1688 626 1724 homini
655 1689 860 1722 dominium
888 1699 1009 1722 rerum
1029 1695 1273 1722 externarum.
1292 1707 1337 1714 —
1364 1687 1485 1729 Quae-

362 1749 460 1788 ritur,
489 1748 677 1794 quomodo
705 1747 892 1782 concedat:
919 1755 1039 1781 utrum
1068 1746 1125 1781 det
1153 1746 1237 1792 ipsis
1264 1746 1419 1793 privatis,
1439 1757 1483 1780 an

364 1807 602 1842 solummodo
630 1807 811 1841 humanae
839 1806 1106 1841 communitati.
1174 1832 1481 1841 ......

171 1865 351 1910 Thesis
385 1868 530 1910 XXV.
566 1892 622 1900 —
657 1868 855 1910 Dominio
884 1867 1058 1925 privata
1081 1882 1220 1910 rerum
1253 1868 1377 1909 etiam
1403 1873 1484 1908 sta-

354 1938 497 1981 biliam
528 1948 622 1982 sunt
654 1954 679 1982 a
713 1947 883 1982 natura:
917 1939 1005 1982 hinc
1054 1937 1272 1981 reiicienda
1319 1939 1484 1981 omnino

354 2019 408 2053 est
439 2012 636 2053 sententia
671 2010 1066 2053 Commzmistarum.
1102 2043 1111 2052 .

268 2081 322 2115 80.
351 2082 664 2116 praenotiones.
691 2102 737 2107 —
757 2081 905 2116 Partitio
933 2081 1083 2115 dominii
1112 2081 1148 2114 in
1177 2078 1397 2114 individuale
1423 2089 1485 2113 seu

367 2142 546 2186 privatum
587 2149 620 2175 et
661 2141 797 2175 sociale
835 2152 897 2175 seu
936 2140 1180 2175 collectivum.
1219 2157 1258 2165 —
1282 2137 1489 2183 Exponitur

367 2210 526 2246 systema
555 2201 892 2235 Communistarum
899 2222 1487 2235 ...........

270 2260 325 2294 81,
355 2261 674 2295 Demonstratio.
699 2279 741 2286 —
766 2271 791 2294 1.
810 2260 924 2294 Huius
943 2259 1148 2305 systematis
1167 2256 1304 2292 falsitas
1318 2256 1490 2302 probatur

369 2339 412 2345 -
440 2331 458 2353 a
487 2320 678 2364 posteriori
705 2330 767 2354 seu
795 2330 837 2353 ex
870 2318 963 2352 facto
1003 2317 1196 2352 universali
1233 2324 1267 2351 et
1305 2313 1489 2350 constanti

371 2399 414 2405 —
442 2391 461 2412 a
490 2380 598 2423 priori
626 2390 688 2413 seu
717 2391 759 2414 ex
787 2379 929 2412 ratione
958 2377 1164 2412 intrinseca.
1190 2396 1238 2402 —
1263 2376 1490 2421 Argumenta

369 2438 567 2473 afferuntur
593 2438 799 2473 Aristotelis
833 2447 867 2472 et
895 2448 922 2472 S.
949 2437 1130 2471 Thomae.
1158 2454 1202 2462 —
1230 2445 1262 2470 2.
1291 2431 1345 2469 De
1372 2431 1489 2474 malis,

369 2509 460 2544 quae
487 2509 528 2531 ex
555 2498 726 2531 dominiis
746 2498 892 2542 privatis
911 2496 998 2530 oriri
1024 2495 1203 2530 videntur.
1220 2513 1266 2520 -
1285 2494 1341 2529 De
1363 2501 1490 2526 amore

370 2558 621 2603 pecuniarum,
648 2567 765 2592 utrum
794 2566 828 2591 et
856 2556 1001 2603 quando
1025 2557 1069 2590 sit
1096 2552 1368 2600 vituperandus.
1419 2577 1426 2585 .
1481 2577 1489 2585 .

272 2618 334 2653 82.
362 2618 578 2653 Scholion.
606 2636 649 2642 —
670 2617 722 2650 De
742 2618 923 2650 bonorum
945 2614 1220 2657 communione,
1239 2623 1328 2659 quae
1356 2611 1391 2644 in
1419 2609 1488 2655 piis

1488 392 1497 400 .
1546 362 1594 399 ib.

1471 512 1479 520 .
1529 492 1592 529 273

1509 557 1596 600 274

1549 674 1596 710 ib.

1530 1096 1596 1134 275

1535 1804 1605 1850 278

1476 2042 1485 2050 .
1521 2007 1609 2051 280

1561 2195 1609 2230 ib.

1541 2546 1610 2582 281
