1737 2802
728 119 965 149 ...-.12.....

134 204 357 259 propi-ium
392 213 478 244 erat
513 201 669 245 iubere.
705 203 841 245 Porro
875 202 1165 260 antiquissimi
1203 204 1315 245 -iousa
1356 202 1560 246 dixerunt

131 274 314 330 (quippe
346 273 432 315 iuns
456 288 529 329 per
555 272 879 330 diphthongum
904 274 1062 332 pluries
1087 273 1287 316 scribitur
1311 275 1353 317 in
1377 286 1555 318 vetusto

138 359 352 385 marmore
387 343 498 400 apud
532 344 686 388 Murat.
724 346 819 400 582.
855 357 894 388 et
928 344 1057 402 alibi),
1090 361 1167 388 nec
1215 346 1374 389 litteras
1416 347 1560 403 gemi-

136 414 304 467 nabant,
340 430 416 457 nec
449 415 672 458 utebantur
704 417 840 459 littera
881 417 1026 460 canina
1052 418 1108 461 R:
1132 430 1279 475 postea
1303 417 1462 461 abiecta
1484 417 1557 461 di-

137 486 362 544 phthongo
379 500 419 530 et
437 487 628 531 sibilante
649 489 789 532 littera
813 490 852 531 in
875 491 1067 532 caninam
1089 504 1210 532 versa
1232 491 1325 533 iura
1346 490 1556 534 dixerunt.

137 558 211 602 Est
244 571 384 600 autem
421 560 668 601 universim·
689 559 745 612 id,
781 559 898 617 quod
947 559 1111 617 legibus
1163 562 1446 604 constitutum
1496 573 1560 605 est

135 631 224 672 sive
258 630 535 682 naturalibus,
572 631 659 674 sive
694 631 864 688 divinis,
887 632 952 675 vel
975 633 1185 689 gentium,
1207 632 1274 676 Vel
1298 632 1494 677 civilibus
1517 650 1558 678 ».

256 702 365 744 Sunt
399 702 480 760 2⁰.)
513 702 595 756 alii,
630 704 703 760 qui
750 704 980 761 opinantur
1029 706 1091 747 ius
1140 703 1299 747 dictum
1345 720 1439 748 esse
1480 721 1559 763 pro

138 776 253 817 iusto.
291 792 312 812 «
338 773 623 828 Crediderim,
658 776 712 817 ita
745 776 877 819 Sotus
911 776 985 832 (1),
1017 792 1091 833 per
1124 791 1359 834 apocopen,
1383 776 1466 820 hoc
1497 788 1562 820 est

135 846 474 902 amputationem
509 845 693 903 syllabae
727 847 767 888 in
801 845 884 890 fine
929 847 1142 900 dictionis,
1191 849 1346 891 iustum
1394 847 1559 891 dictum

134 931 227 958 esse
274 917 336 958 ius
340 951 407 959 .....
456 917 581 960 Unde
630 932 780 974 graece
815 915 989 961 δίκαιῡν
1027 918 1099 976 (2)
1147 917 1259 961 idem
1310 920 1557 976 promiscue

134 986 356 1043 significat,
390 987 507 1044 quod
542 988 703 1031 iustum
738 1001 777 1032 et
811 990 876 1031 ins
900 1006 940 1032 ».
965 990 1120 1046 Neque
1145 989 1263 1032 aliter
1286 991 1555 1034 existimasse

135 1058 305 1101 videtur
353 1059 546 1102 Isidorus
581 1060 640 1116 (3)
675 1061 889 1118 inquiens,
934 1079 954 1101 (ε
992 1061 1056 1104 ius
1107 1076 1198 1104 esse
1247 1060 1412 1104 dictum
1461 1062 1559 1119 quia

137 1131 296 1173 iustum
334 1143 457 1174 est».
596 1127 600 1142 χ

260 1222 282 1242 «
309 1204 540 1260 QuamviS,
575 1205 634 1247 sic
672 1203 922 1247 concludam
963 1220 1062 1248 cum
1087 1205 1288 1249 Suaresio
1312 1204 1393 1263 (4),
1417 1205 1558 1248 incer-

233 1389 290 1433 (1)
317 1389 372 1423 De
401 1387 483 1422 Iust.
513 1398 545 1424 et
573 1389 652 1424 Iure
679 1389 703 1423 1.
736 1401 767 1434 3.
799 1401 831 1435 q.
863 1400 892 1424 1.
921 1401 950 1424 a.
985 1400 1012 1424 1.

231 1447 288 1492 (2)
315 1449 370 1482 De
397 1448 623 1495 etymologia
649 1449 754 1482 huius
781 1449 881 1483 vocis
908 1448 1049 1482 ὃιῖκειιον
1078 1450 1126 1483 ita
1165 1448 1302 1482 disserit
1330 1446 1560 1490 Aristoteles,

136 1506 253 1542 Ethic.
270 1508 315 1542 V.
340 1517 386 1549 4.:
419 1507 481 1540 Διὰ
506 1509 605 1541 ταῦτ’)
630 1506 689 1540 καὶ
715 1507 924 1553 &ambigetur
947 1507 1102 1543 artaxem.
1123 1506 1172 1540 ὅτι
1195 1506 1286 1552 dlxx
1307 1506 1413 1550 ἐστίν,
1435 1505 1554 1550 ὥσπερ

137 1563 176 1595 ἆυ
199 1564 230 1596 εἴ
246 1578 293 1602 τις
323 1565 411 1597 εἴποι
439 1566 596 1610 δίκαιον,
624 1564 683 1597 καὶ
712 1566 727 1598 ὁ
753 1565 923 1603 δικκστὴς
944 1565 1133 1611 ὃιχκττὴς.
1153 1566 1349 1610 Propterea
1369 1566 1480 1600 etiam
1501 1576 1561 1611 ap-

138 1623 290 1670 pellatur
316 1623 469 1663 ὃιῖκκιου,
498 1624 579 1670 quia
606 1633 656 1658 est
685 1624 775 1671 ὃνῖχκ
801 1624 911 1670 (adv.,
937 1625 973 1658 in
1011 1623 1106 1669 duo),
1135 1624 1284 1669 perinde
1323 1625 1378 1659 ac>
1398 1625 1427 1660 si
1462 1624 1560 1659 dicas

139 1682 296 1726 dignm-1,
324 1692 359 1717 et
379 1682 548 1721 νῖικκστνὶς
574 1683 679 1718 iudex
717 1684 896 1729 διχκττής
933 1684 1133 1729 bipartitor.
1160 1703 1204 1708 —
1231 1683 1373 1729 Nempe
1391 1684 1472 1731 quia
1497 1695 1560 1730 per

137 1741 267 1776 iustum
295 1743 579 1776 conmutativmn
606 1742 780 1776 damnum
810 1750 843 1777 et
871 1742 1008 1776 lucrum
1031 1742 1203 1776 dividitur
1222 1753 1264 1776 ex
1283 1754 1397 1789 aequo
1418 1752 1453 1777 et
1472 1754 1561 1789 quo-

137 1800 336 1835 dammodo
366 1800 545 1844 bifariam,
564 1800 727 1836 bifariam
748 1811 869 1836 autem
889 1813 1015 1848 graece
1035 1801 1167 1836 dicitur
1185 1801 1289 1847 &tl-[13
1310 1801 1392 1836 ideo
1423 1801 1558 1836 iustum

136 1860 179 1893 ab
207 1860 312 1895 initio
338 1870 507 1895 vocatum
536 1860 601 1895 fuit
629 1859 786 1906 &ly-mou,
813 1861 919 1895 iudex
948 1860 1136 1906 ὃιχκστής.
1166 1860 1308 1896 Deinde
1346 1871 1431 1896 vero
1473 1872 1558 1895 mu-

136 1927 213 1953 tato
240 1932 265 1965 χ
292 1920 328 1953 in
356 1932 386 1963 κ,
413 1919 565 1954 fortasse
592 1920 797 1965 euphoniae
837 1920 961 1966 gratia,
989 1920 1123 1954 iustum
1155 1920 1292 1954 dictum
1324 1928 1377 1953 est
1406 1919 1559 1961 δίκαιον,

137 1979 242 2013 iudex
271 1980 450 2015 δικαστής.
470 1979 525 2015 Cf.
555 1980 644 2015 Silv.
671 1981 836 2015 Maurum
865 1980 900 2013 in
928 1979 949 2014 l.
978 1989 1007 2012 c.

233 2039 290 2083 (3)
320 2039 358 2072 L.
383 2039 426 2072 V.
455 2041 607 2085 etymol.
635 2051 712 2086 cap.
741 2048 771 2082 3.

231 2097 287 2142 (4)
314 2097 369 2131 De
395 2097 468 2144 leg.
497 2098 519 2133 l.
552 2109 579 2133 1.
607 2110 635 2134 c.
663 2099 705 2133 II.
733 2111 832 2133 num.
862 2109 894 2143 3.
923 2098 1087 2132 Eximius
1131 2097 1260 2132 doctor
1285 2106 1429 2143 praeter
1455 2097 1555 2135 duas.

135 2157 178 2191 de
205 2157 330 2204 quibus
358 2157 523 2201 diximus,
552 2158 788 2193 deductiones
815 2170 833 2191 a
859 2158 945 2191 iusso
986 2165 1018 2191 et
1066 2170 1086 2191 a
1129 2157 1229 2200 iusto,
1267 2156 1375 2191 aliam
1414 2168 1558 2204 quoque

125 2205 413 2255 commemorat,
441 2225 474 2250 at
502 2218 608 2251 simul
636 2218 760 2260 reiicit,
790 2216 1056 2263 etymologiam
1084 2228 1102 2250 a
1129 2217 1236 2250 iuxta.
1268 2230 1285 2248 ι(
1302 2216 1414 2258 Dura,
1431 2215 1557 2262 inquit,

134 2276 223 2310 mihi
249 2275 390 2311 videtur
416 2285 450 2310 ct
477 2277 667 2323 singularis
693 2277 783 2312 haec
802 2277 969 2311 deductio
986 2292 1018 2310 ».
1046 2277 1084 2311 L.
1112 2287 1144 2311 e.
1174 2287 1208 2310 n.
1240 2287 1267 2311 1.
1288 2275 1390 2311 Idem
1418 2274 1560 2310 videtur

1500 1 1503 3 ,
1528 0 1565 10 .„
1579 0 1737 42 '‘3''2'f‘1⁸v‘'1

135 2334 327 2368 dicendum
355 2335 398 2369 de
425 2334 503 2368 aliis
530 2336 806 2370 deductionibus
833 2354 877 2361 —
906 2347 924 2368 a
950 2335 1061 2369 verbo
1083 2337 1174 2377 iuvo,
1197 2335 1292 2380 quod
1316 2335 1369 2369 ius
1387 2333 1559 2368 adversus
1610 2330 1612 2334 ’

135 2395 208 2427 vim
237 2402 270 2428 et
297 2395 462 2428 iniuriam
489 2395 532 2430 sit
559 2395 735 2440 praesidio
763 2414 805 2420 —
835 2407 853 2429 a
880 2395 1031 2428 nomine
1057 2394 1122 2433 vis,
1149 2405 1168 2427 a
1195 2405 1265 2439 quo
1293 2404 1355 2440 per
1380 2392 1560 2428 metathe-

136 2454 202 2486 s³ni
229 2465 290 2488 seu
317 2453 514 2488 litterarum
540 2455 862 2499 transpositionem
890 2452 1088 2487 deducatur
1114 2460 1180 2487 etc.
1211 2451 1304 2486 Illud
1323 2451 1464 2494 addam,
1482 2461 1558 2485 non

137 2512 259 2546 deesse
286 2521 461 2554 auctcres,
487 2512 543 2557 qui
571 2512 656 2546 iuris
683 2523 818 2546 nomen
847 2519 1112 2545 connumerent
1139 2509 1325 2545 vocabulis
1360 2509 1556 2556 primitivis

137 2583 252 2619 neque
279 2572 421 2606 aliunde
449 2572 623 2607 deductis.
