1737 2802
0 0 50 86 ⁴1³&

653 97 920 141 ..127-

70 193 224 226 natura
254 180 344 224 sola
375 180 541 224 ratione
574 179 753 223 naturali
787 179 912 223 ducta
944 192 1090 238 posset
1128 195 1221 224 esse
1255 180 1405 237 religio
1449 181 1501 225 ad

73 254 234 306 Deum,
267 252 323 294 ita
356 263 502 310 posset
527 251 654 294 etiam
683 266 775 294 esse
797 264 950 295 votum
975 264 1015 295 et
1049 252 1339 310 promissio.»
1375 251 1501 296 Unde

69 325 260 369 breviter
293 323 469 381 quidem
505 322 709 367 debemus
735 323 784 366 de
809 337 913 367 voto
936 322 1070 382 loqui,
1095 339 1182 366 non
1205 336 1346 367 tamen
1373 324 1423 367 de
1449 339 1500 368 eo

71 396 258 440 omnino
291 395 428 438 silere.
462 397 525 438 Ac
559 395 646 439 duo
680 396 876 453 inprimis
911 410 1198 453 exponemus:
1240 396 1341 453 quid
1374 397 1428 439 sit
1460 410 1500 440 et

72 466 296 526 quotuplex
329 466 381 509 sit
412 478 578 509 votum.

194 537 226 582 I.
251 537 414 580 Votum
434 538 725 580 communiter
744 536 792 580 ab
819 537 1063 580 auctoribus
1089 537 1289 581 definitur
1311 539 1384 596 (1),
1403 546 1502 595 pro-

71 610 211 652 missio
243 607 465 651 deliberata
500 608 585 651 Deo
607 608 720 662 facta
744 608 788 651 de
811 608 912 652 bono
936 609 1104 653 meliori.
1129 635 1181 641 —-
1207 610 1389 667 Dicitur,
1405 618 1500 668 pro-

75 682 226 724 missio.
261 681 358 723 Hoc
390 693 536 723 autem
570 679 827 722 vocabulum
859 680 1028 723 exhibet
1061 696 1197 738 genus
1231 682 1500 738 proximum,

71 751 154 795 sub
177 767 265 810 quo
297 764 450 794 votum
485 752 742 807 continetur,
767 765 807 795 et
833 753 898 794 cui
924 751 1075 795 debent
1099 751 1360 796 differentiae
1388 753 1501 807 addi,

75 836 121 867 ut
144 822 359 881 completa
380 823 470 865 voti
496 821 687 866 definitio
713 823 931 867 habeatur.
954 825 1119 866 Votum
1143 825 1284 882 itaque
1318 839 1405 867 non
1439 837 1502 868 est

77 910 248 938 merum
270 895 560 952 propositum,
585 894 659 938 sed
683 896 858 952 insuper
882 908 944 938 est
969 896 1217 953 promissio.
1238 897 1334 939 Hoc
1358 909 1501 939 autem

71 966 297 1010 intercedit
331 965 561 1009 discrimen
596 968 704 1009 inter
743 967 1021 1024 propositum
1067 980 1106 1010 et
1149 968 1501 1026 promissionem,

72 1037 194 1098 quod
227 1054 326 1081 cum
362 1050 595 1096 utrumque
619 1037 728 1081 dicat
760 1037 1029 1081 voluntatem
1053 1038 1206 1096 agendi
1241 1038 1401 1097 aliquid
1431 1052 1501 1082 aut

77 1110 237 1169 aliquid
260 1109 503 1166 omittendi,
528 1110 761 1167 promissio
787 1110 963 1167 insuper
988 1109 1087 1153 dicit
1109 1111 1304 1153 animum
1327 1127 1372 1154 se
1395 1110 1501 1154 obli—

71 1183 201 1241 gandi
235 1183 353 1226 alteri
383 1198 434 1225 ex
467 1183 624 1225 virtute
657 1180 892 1238 fidelitatis,
918 1197 1047 1239 quem
1071 1184 1265 1225 animum
1293 1198 1380 1225 non
1403 1182 1502 1226 dicit

72 1254 258 1313 simplex
290 1254 579 1312 propositum.
616 1253 739 1296 Unde
773 1251 833 1309 fit,
858 1266 904 1295 ut
928 1269 1002 1310 per
1025 1268 1069 1296 se
1093 1252 1312 1311 loquendo
1332 1270 1502 1297 merum

73 1327 346 1385 propositum
381 1326 532 1383 possit,
580 1325 816 1382 promissio
868 1338 1012 1367 autem
1057 1339 1142 1368 non
1177 1326 1312 1383 possit
1346 1325 1502 1384 absque

74 1397 197 1456 culpa
238 1413 326 1441 non
370 1396 550 1454 impleri.
586 1421 643 1430 —-
676 1396 864 1449 Dicitur,
917 1395 1151 1440 deliberata.
1202 1397 1316 1441 Nam
1349 1410 1502 1441 votum

71 1460 153 1526 est,
185 1480 231 1512 ut
265 1467 399 1512 modo
449 1466 712 1520 dicebamus,
762 1480 802 1509 et
853 1468 1128 1524 propositum
1179 1480 1219 1510 et
1253 1469 1502 1525 promissio,

71 1541 268 1585 Iamvero
307 1557 328 1581 «
361 1539 636 1598 propositum
664 1538 849 1597 aliquam
874 1538 1227 1583 deliberationem
1252 1541 1501 1598 praeexigit,

70 1626 173 1655 cum
205 1611 260 1655 sit
291 1624 408 1654 actus
443 1610 673 1653 voluntatis
708 1609 961 1654 deliberatae
989 1627 1008 1650 »
1049 1610 1134 1670 (2).
1171 1612 1410 1655 Promissio
1435 1614 1500 1656 in-

67 1697 202 1741 super
231 1695 295 1727 est
327 1695 460 1738 actus,
493 1697 581 1740 quo
613 1683 806 1739 seipsum
840 1683 934 1740 quis
959 1682 1178 1726 moraliter
1199 1682 1332 1740 ligat:
1368 1699 1499 1728 nemo

70 1768 216 1800 autem
249 1768 446 1800 censetur
493 1756 686 1812 seipsum
735 1754 953 1798 moraliter
1001 1756 1143 1812 ligare,
1177 1757 1261 1799 nisi
1301 1770 1504 1815 operetur

69 1842 173 1872 cum
196 1827 455 1871 advertentia
473 1827 649 1869 rationis
677 1825 727 1869 ad
750 1826 936 1883 ligamen
960 1828 1136 1880 morale,
1161 1827 1212 1871 de
1236 1844 1324 1886 quo
1349 1830 1504 1888 agitur,

74 1911 117 1943 et
149 1914 248 1942 curn
280 1898 566 1943 indifferentia
588 1898 723 1941 activa
744 1898 994 1954 voluntatis,
1020 1914 1109 1955 seu,
1128 1899 1246 1958 quod
1275 1900 1388 1943 idem
1424 1914 1506 1959 est,

71 1971 156 2020 nisi
202 1984 297 2030 agat
343 1970 582 2015 deliberate.
617 1996 672 2005 —-
705 1971 890 2027 Dicitur,
938 1971 1025 2014 Deo
1048 1970 1180 2028 facta.
1237 1971 1352 2016 Cum
1386 1973 1504 2016 enim

167 2191 225 2236 (x)
251 2190 558 2238 Quandoquidem
584 2203 636 2234 ea,
663 2202 753 2238 quae
783 2190 890 2225 valde
917 2200 1102 2237 optamus,
1130 2189 1303 2233 solemus,
1330 2190 1505 2226 adhibitis

77 2251 182 2291 votis,
209 2250 388 2296 postulare
416 2262 434 2284 a
463 2250 653 2294 De0,hinc
680 2250 817 2286 factum
846 2259 909 2293 est,
929 2260 966 2286 ut
994 2260 1120 2285 votum
1141 2252 1340 2297 accipiatur
1359 2262 1504 2298 quoque

77 2321 143 2357 pro
170 2310 348 2345 desiderio
375 2321 438 2345 seu
465 2320 606 2358 optato.
628 2311 705 2346 Hoc
725 2320 833 2357 pacto
854 2310 941 2345 dixit
960 2311 1145 2353 Horatius,
1166 2310 1188 2345 l.
1208 2321 1241 2346 2.
1258 2320 1327 2346 sat.
1347 2310 1377 2346 6.
1397 2323 1432 2346 ν.
1458 2321 1500 2346 1.:

80 2369 194 2404 «Hoc
219 2377 293 2404 erat
319 2369 355 2403 in
383 2370 488 2412 votis,
515 2370 646 2405 modus
684 2370 759 2416 agri
799 2381 874 2404 non
914 2371 960 2405 ita
987 2380 1142 2416 magnus
1168 2379 1236 2405 etc.
1256 2384 1274 2402 »
1305 2390 1349 2396 -
1375 2370 1505 2413 Quan-

75 2428 194 2474 doque
218 2428 326 2463 etiam
367 2427 545 2462 calculum
584 2439 645 2463 seu
684 2426 898 2475 suffragium
925 2429 960 2463 in
988 2428 1166 2464 electione
1207 2428 1332 2464 datum
1373 2429 1505 2463 dicitur

78 2495 216 2523 votum.

173 2546 228 2593 (2)
254 2547 294 2582 In
320 2557 351 2582 2.
382 2557 411 2583 2.
440 2559 474 2594 q.
502 2546 558 2582 88.
586 2558 618 2582 a.
648 2556 680 2583 2.
