1737 2802
800 116 1033 159 -68-

207 215 336 272 Atqui
371 213 472 255 haec
508 212 594 255 duo
630 238 681 243 —
718 211 888 254 facultas
922 208 1121 268 exigendi
1155 208 1315 267 aliquid
1359 220 1399 252 et
1436 208 1631 253 debitum

207 283 445 344 praestandi
481 282 583 325 illud
615 308 672 315 --
706 283 781 326 etsi
831 281 961 324 simul
1004 282 1088 324 sint
1135 280 1276 338 quoad
1324 293 1509 338 tempus,
1541 294 1631 324 non

206 369 346 399 tamen
380 367 479 396 sunt
511 353 639 396 simul
664 352 805 411 quoad
840 353 1135 410 cognitionem
1169 364 1210 395 et
1243 351 1385 410 quoad
1418 364 1632 406 naturam,

208 426 282 469 sed
316 425 488 468 facultas
522 424 718 479 exigendi
753 436 845 466 tum
881 425 1127 480 cognitione
1174 436 1267 466 tum
1317 435 1466 466 natura
1514 422 1633 481 prior

208 511 270 541 est
305 496 449 540 debito
485 495 739 554 praestandi.
771 496 887 550 Ergo
923 496 986 538 ius
1021 508 1083 538 est
1116 508 1208 538 tum
1243 507 1392 538 natura
1424 507 1518 538 tum
1551 508 1632 537 co—

209 570 402 627 gnitione
436 569 570 625 prius,
603 582 732 625 quam
766 565 973 609 officium.
1007 591 1065 598 —
1097 565 1306 609 Probatur
1340 566 1484 609 minor.
1526 565 1632 610 Non

211 641 308 684 ideo
343 658 377 683 e.
413 656 451 696 g.
487 640 607 682 Deus
654 638 720 681 vel
753 638 947 696 superior
994 637 1208 680 humanus
1258 636 1381 680 habet
1428 638 1493 680 ius
1537 635 1632 679 exi-

212 711 340 769 gendi
375 727 395 753 a
430 726 498 753 me
535 710 641 752 hanc
683 708 749 752 vel
783 709 897 751 iliam
946 710 1178 762 actionem,
1213 710 1312 766 quia
1353 723 1436 765 ego
1483 720 1635 750 teneor

213 782 355 826 officio
390 783 427 825 ei
461 780 796 839 obtemperandi:
832 781 905 824 sed
938 798 959 824 e
993 783 1208 823 contrario
1249 779 1345 823 ideo
1378 778 1522 823 officio
1555 777 1634 821 ad-

214 856 406 912 stringor
441 855 478 896 ei
512 852 754 910 obediendi,
787 853 884 910 quia
919 852 988 896 ille
1021 853 1087 895 ius
1123 851 1247 895 habet
1279 850 1476 909 exigendi
1510 866 1532 893 a
1564 864 1636 893 me

212 926 513 970 obedientiam.
549 926 661 968 Hinc
695 925 729 966 si
762 925 957 982 superior
991 924 1205 967 humanus
1239 925 1427 967 actiones
1470 922 1635 980 praeci-

213 1000 296 1056 piat
330 1013 382 1041 ex
415 1013 460 1040 se
495 999 642 1050 malas,
676 1010 764 1039 non
801 1008 951 1039 teneor
984 997 1021 1040 ei
1054 1012 1213 1054 parere,
1242 997 1379 1039 immo
1413 1008 1563 1038 teneor
1595 994 1636 1038 ei

211 1086 299 1114 non
333 1069 642 1127 obtemperare,
666 1069 764 1126 quia
796 1067 963 1111 nullum
999 1069 1062 1110 ius
1097 1068 1220 1112 habet
1252 1068 1353 1112 tales
1387 1084 1408 1110 a
1441 1083 1509 1112 me
1542 1067 1637 1111 exi·

211 1142 338 1199 gendi
370 1143 572 1198 actiones,
597 1157 700 1199 quas
724 1142 844 1183 Deus
880 1142 944 1183 ius
978 1141 1101 1184 habet
1126 1140 1379 1199 prohibendi
1415 1152 1455 1184 et
1488 1155 1637 1197 reapse

213 1213 423 1272 prohibet.
458 1214 577 1270 Ergo
601 1213 666 1255 ius
702 1228 800 1270 prae
825 1211 968 1255 officio
997 1212 1120 1255 habet
1155 1213 1421 1270 prioritatem
1445 1221 1639 1270 naturae,

213 1287 418 1342 itemque,
452 1298 496 1328 ut
530 1301 579 1328 ex
612 1284 735 1328 dictis
770 1284 888 1328 facile
923 1297 1048 1342 patet,
1083 1286 1346 1342 cognitionis:
1381 1284 1468 1328 duo
1492 1297 1636 1328 tamen

215 1357 331 1414 haec,
354 1358 419 1399 ius
443 1369 483 1399 et
507 1355 713 1409 officium,
738 1369 782 1398 ut
806 1370 900 1414 apte
924 1357 1116 1414 loquitur
1139 1357 1353 1414 Taparelli
1381 1357 1465 1416 (Ι),
1497 1375 1517 1399 ((
1540 1371 1638 1402 sono

213 1430 571 1486 originm‘iamcnte
594 1428 686 1486 figli
713 1428 868 1485 gemalli
915 1428 976 1471 del
1023 1437 1205 1486 supremo
1239 1429 1376 1473 ordine
1425 1429 1576 1474 morale
1610 1446 1633 1471 »

214 1517 287 1544 seu
321 1501 425 1556 legis
460 1512 665 1543 aeternae.

332 1572 482 1615 Paucis
517 1571 684 1627 egimus
709 1570 758 1613 da
782 1573 1031 1629 quaestione
1065 1573 1168 1615 satis
1193 1574 1341 1616 acriter
1365 1575 1505 1617 varios
1529 1574 1640 1617 inter

214 1656 409 1687 auctores
443 1644 610 1700 agitata,
644 1656 789 1685 utrum
826 1645 890 1685 ius
924 1645 977 1686 sit
1011 1646 1129 1701 prius
1164 1643 1324 1701 officio,
1352 1661 1403 1688 an
1427 1662 1449 1688 e
1473 1657 1640 1689 contra-

216 1716 304 1758 rio:
339 1714 390 1757 de
424 1730 556 1772 eaque
592 1715 759 1772 egimus
811 1714 1049 1758 dubitantes
1084 1718 1227 1774 potius
1262 1730 1301 1760 et
1335 1717 1638 1776 disceptante8‚

217 1802 346 1844 quam
382 1799 547 1829 certum
581 1787 684 1844 quid
719 1800 969 1831 statuentes.
1005 1789 1243 1831 Versantur
1274 1789 1389 1832 enim
1424 1790 1466 1832 in
1506 1805 1641 1848 quae-

223 1860 363 1902 stione
397 1857 441 1900 da
475 1858 614 1901 relatis
646 1858 700 1900 ad
733 1859 908 1916 aliquid,
933 1859 982 1901 de
1006 1859 1160 1916 quibus
1194 1861 1253 1902 sic
1276 1860 1529 1904 Aristoteles
1551 1859 1638 1919 (2):

208 1931 330 1981 Ἴσως
364 1924 406 1973 δὲ
440 1927 639 1988 χαλεπὸν
674 1927 778 1990 ὑπὲρ
814 1934 906 1988 τῶν,
932 1930 1135 1973 τοιούτων
1160 1928 1356 1996 σῳῡὸρῶς
1380 1930 1642 1992 ἀποφαίνεσ-

218 2001 303 2055 Oua,
337 1999 400 2059 μὴ
446 1999 664 2052 πσ),>.άκις
713 2000 1049 2060 ἐπεσκεμμένον.
1075 1999 1131 2045 Τὸ
1156 2001 1304 2061 μέντοι
1327 2000 1644 2069 ὃιηπορηκέναι

219 2068 310 2137 περὶ
344 2070 528 2115 ἑκάστου
566 2072 724 2127 αὐτῶν,
759 2073 837 2117 οὐκ
875 2073 1101 2136 ἄχρηστόν
1135 2074 1234 2118 ἐστι.
1267 2076 1465 2120 Fortasse
1498 2088 1644 2121 autem

219 2142 386 2186 difficile
420 2157 497 2198 est,
532 2143 582 2187 de
615 2144 769 2188 talibus
819 2158 983 2188 certum
1033 2146 1135 2204 quid
1181 2159 1382 2203 statuere,
1432 2147 1506 2206 qui
1552 2162 1643 2192 non

219 2230 343 2272 saepe
386 2215 732 2261 consideraverit.
778 2216 983 2260 Dubitare
1026 2229 1171 2262 tamen
1218 2230 1259 2262 et
1311 2218 1547 2277 disceptare
1590 2217 1644 2264 de

219 2285 402 2343 singulis
435 2301 602 2341 eorum,
635 2302 722 2330 non
757 2300 820 2330 est
853 2287 1016 2332 inutile.

1302 2428 1324 2437 a

314 2502 365 2548 (1)
391 2502 519 2549 Saggio
546 2507 662 2538 teor-et.
688 2504 830 2540 dissert.
858 2505 902 2540 ΙΙ.
930 2516 1007 2551 cap.
1037 2516 1067 2551 3.
1093 2516 1191 2541 num.
1224 2515 1304 2551 347.

311 2562 366 2606 (2)
392 2561 563 2609 Categor.
589 2573 651 2597 seu
679 2562 738 2598 lib.
765 2563 808 2598 de
834 2563 1051 2610 praedicam.
1081 2574 1112 2599 c.
1139 2565 1185 2600 V.
1211 2564 1247 2600 in
1274 2564 1336 2600 fin.
