1737 2802
732 112 968 152 -15—

257 208 351 248 Hoc
386 218 508 262 pacto
543 221 574 248 5.
609 204 806 248 Thomas
841 206 992 263 accipit
1025 207 1219 259 i1t5‚cum
1254 208 1310 250 ait
1333 207 1413 266 (1):
1446 210 1560 253 «Ius

138 279 278 335 primo
303 277 555 334 impositum
582 288 643 319 cst
668 276 718 319 ad
742 275 1073 333 significandum
1099 279 1227 335 ipsam
1246 294 1329 321 rem
1353 281 1561 326 iustam».
1590 279 1597 283 ’

139 350 187 391 Ιῗῐ
221 347 346 405 paulo
382 360 476 404 post
499 347 582 406 (2):
625 348 739 390 «Ius
773 349 862 391 sive
910 349 1071 391 iustum
1122 360 1185 391 est
1233 348 1408 407 aliquod
1451 366 1561 410 opus

138 419 420 476 adaequatum
454 418 571 461 alteri
621 417 860 461 secundum
909 418 1096 476 aliquem
1146 419 1408 478 aequalitatis
1457 437 1560 469 mo-

142 492 303 535 dum.»
343 492 451 534 Item
489 490 539 533 de
572 490 784 539 Valentia,
821 505 918 533 cum
963 491 1024 533 sic
1062 489 1349 548 loquitur*(3):
1383 510 1402 534 ‹<
1425 494 1567 538 Voca-

143 563 289 607 bulum
325 564 425 605 iuris
460 561 672 619 significat
705 561 821 604 idem
847 560 966 619 quod
991 563 1146 605 iustum
1172 579 1246 620 per
1271 563 1568 622 aequalitatem

145 634 374 693 quamdam
412 634 538 676 unius
574 648 670 675 cum
705 632 853 676 altero.
905 634 1030 686 Quae
1078 634 1267 691 acceptio
1317 634 1444 678 huius
1491 651 1569 679 no-

146 707 272 748 minis
306 704 475 748 videtur
510 719 601 746 esse
637 704 851 762 primaeva
886 717 927 747 et
960 721 981 747 a
1015 720 1097 762 qua
1141 704 1351 749 derivatae
1385 719 1485 750 sunt
1507 723 1569 751 re-

146 777 284 835 liquae
319 777 402 818 iam
438 775 569 818 dictae
603 775 724 833 (octo
758 788 900 818 autem
925 776 1008 818 iam
1032 788 1357 820 enumeraverat
1382 775 1569 836 diversas

148 849 274 891 huius
308 848 498 891 nominis
533 846 884 905 acceptiones)...
920 846 1144 890 Probabile
1177 863 1365 906 namque
1389 849 1574 907 videtur,

148 921 263 979 quod
300 921 464 963 censuit
498 920 644 973 sotus,
679 920 744 962 ius
780 935 854 977 per
882 934 1120 977 apocopen,
1155 920 1239 963 hoc
1271 934 1356 964 est·
1382 935 1575 980 amputa-

145 995 306 1036 tionem
348 992 524 1035 ultimae
571 991 767 1049 syllabae,
817 990 982 1034 dictum
1032 1006 1123 1034 esse
1175 993 1295 1049 quasi
1344 993 1571 1038 iustum».

148 1064 305 1109 Eadem
340 1063 463 1107 habet
495 1064 670 1106 Lessius
693 1062 757 1122 (4)
777 1080 786 1106 .·
818 1082 837 1103 α
859 1063 1036 1106 Nomen
1060 1063 1162 1105 iuris
1187 1063 1391 1121 accipitur
1414 1064 1576 1122 primo,

150 1150 193 1179 ut
229 1138 281 1179 sit
316 1135 429 1179 idem
464 1134 582 1193 quod
617 1136 784 1178 iustum.
820 1134 990 1177 Iustum
1024 1146 1168 1177 autem
1203 1132 1433 1191 dupliciter
1469 1136 1577 1178 acci-

150 1209 263 1266 pitur
296 1206 534 1249 secundum
567 1204 866 1249 Aristotelem:
899 1221 1056 1262 nempe
1097 1206 1322 1262 generatim
1365 1221 1444 1263 pro
1482 1206 1574 1264 legi-

152 1282 260 1336 timo,
294 1292 333 1322 et
367 1279 426 1321 sic
461 1292 591 1321 omne
626 1293 735 1335 opus
768 1277 950 1330 virtutis,
985 1288 1194 1334 quatenus
1232 1289 1573 1321 consentaneum

152 1351 250 1407 legi,
271 1349 425 1393 dicitur
457 1350 525 1393 ius
559 1361 599 1391 et
630 1349 809 1392 iustum:
845 1360 884 1391 et
917 1349 1126 1405 speciatim
1160 1363 1238 1405 pro
1274 1363 1341 1405 eo,
1374 1347 1493 1405 quod
1515 1360 1578 1391 est

155 1422 321 1480 aequale
355 1429 387 1464 cl
419 1421 537 1464 alteri
568 1420 768 1472 dehitmn;
804 1419 906 1462 baec
939 1419 1055 1462 enim
1088 1419 1166 1461 tria
1200 1418 1383 1462 involvit
1416 1419 1582 1462 iustum

158 1494 300 1536 stricte
333 1505 570 1550 acceptum,
605 1504 650 1533 ut
684 1490 901 1547 colligitur
935 1507 985 1533 ex
1018 1489 1057 1533 d.
1093 1489 1270 1533 Thoma
1294 1490 1369 1548 (5),
1405 1489 1584 1548 aequali-

159 1574 299 1617 tatem,
335 1564 513 1607 debitum
536 1576 576 1607 et
609 1579 685 1607 esse
718 1563 772 1606 ad
803 1563 1001 1606 alienam:
1025 1562 1084 1604 sic
1108 1561 1293 1605 dicimur
1315 1561 1493 1606 reddere
1516 1563 1583 1605 ius

159 1636 277 1679 alteri
300 1653 340 1679 ».
374 1636 530 1692 Neque
563 1633 681 1677 aliter
705 1649 797 1677 rem
821 1633 928 1676 hanc
951 1632 1018 1676 alii
1041 1631 1250 1690 explicant
1285 1644 1482 1676 auctores
1503 1632 1582 1692 (6).

341 1707 414 1764 3⁰.)
447 1706 541 1750 Alia
574 1719 636 1750 est
669 1707 798 1749 etiam
847 1704 1047 1763 frequens
1095 1704 1224 1747 huius
1268 1703 1466 1748 vocabuli
1513 1719 1585 1748 ac-

259 1934 315 1978 (1)
343 1934 381 1967 In
411 1943 441 1967 2.
471 1942 502 1967 2.
531 1945 560 1979 q.
592 1941 644 1977 57.
662 1944 692 1967 a.
725 1943 752 1966 1.
781 1931 880 1966 Idem
901 1931 944 1966 de
962 1931 1095 1966 iustitia
1114 1931 1203 1965 haec
1222 1931 1348 1966 habet:
1374 1945 1390 1962 «
1411 1921 1598 1976 Importat’

165 1993 335 2038 (iustitia)
363 1992 620 2038 aequalitatem
649 1991 855 2038 quamdam,
884 2000 922 2026 ut
950 1992 1069 2036 ipsum
1097 2002 1234 2025 nomen
1275 1983 1509 2025 demonstrat:
1540 1990 1590 2024 di-

166 2062 293 2088 cuntur
319 2053 414 2086 enim
442 2051 636 2098 vulgariter
655 2063 695 2085 ea
715 2062 805 2098 quae
823 2051 1077 2097 adaequantur,
1099 2050 1236 2085 instari:
1256 2049 1453 2096 aequalitas
1469 2057 1590 2084 autem

167 2113 209 2146 ad
238 2112 387 2147 alterum
418 2121 521 2146 est».
1051 2102 1054 2105 ’

264 2174 316 2216 (2)
345 2171 434 2205 Ibid.
463 2181 529 2206 art.
560 2181 590 2204 2.

263 2232 316 2276 (3)
345 2230 491 2265 Comm.
522 2231 555 2263 in
585 2240 613 2265 2.
642 2239 671 2264 2.
699 2229 785 2275 disp.
813 2230 857 2264 V.
885 2241 916 2276 q.
950 2240 976 2264 1.
1004 2241 1036 2275 p.
1069 2240 1096 2264 1.

264 2293 319 2335 (4)
347 2291 401 2324 De
430 2290 513 2324 Iust.
541 2299 573 2323 et
600 2290 678 2323 Iure
705 2290 904 2335 ceterisque
932 2290 1051 2323 virtut.
1079 2289 1215 2323 cardin.
1238 2288 1259 2323 l.
1288 2288 1331 2323 ΙΙ.
1359 2299 1388 2322 c.
1419 2297 1436 2314 ‘²

1418 2315 1451 2324 -ι

269 2351 324 2395 (5)
352 2351 391 2384 In
421 2360 450 2384 2.
479 2359 509 2383 2.
537 2362 568 2396 q.
597 2352 652 2384 80,
681 2359 744 2384 art.
772 2361 844 2383 un.:
877 2363 894 2380 «
914 2350 1020 2384 Ratio
1049 2349 1206 2384 iustitiae
1245 2348 1409 2384 consistit
1448 2348 1485 2383 in
1510 2347 1593 2391 hoc,

175 2410 270 2457 quod
298 2410 399 2445 alleri
426 2409 602 2450 reddatur,
631 2410 725 2455 quod
753 2409 784 2443 ei
803 2409 947 2452 debatur,
967 2408 1167 2443 secundum
1187 2408 1432 2454 aequalitatem
1451 2421 1483 2442 ».
1501 2406 1594 2442 Vide

176 2482 226 2512 eu,
254 2480 344 2516 quae
372 2468 526 2503 diximus
552 2468 626 2502 vol.
660 2478 687 2502 1.
719 2480 800 2514 pag.
827 2478 907 2510 444.

269 2527 324 2574 (6)
355 2527 407 2563 Cf.
436 2528 542 2563 Card.
569 2528 612 2562 de
641 2527 754 2573 Lugo‚
784 2527 826 2561 de
855 2528 937 2562 Iust.
963 2536 997 2562 et
1016 2528 1095 2561 Iure
1115 2526 1207 2572 disp.
1235 2537 1263 2561 1.
1281 2533 1368 2561 sect.
1394 2536 1422 2561 1.
1443 2535 1542 2560 num.
1561 2533 1594 2559 2.

174 2588 267 2622 Vide
294 2588 405 2622 etiam
435 2588 629 2627 Becanurn,
656 2596 755 2621 tract.
784 2586 827 2620 de
856 2588 935 2621 iust.
963 2596 997 2621 et
1024 2586 1098 2621 iure
1125 2587 1167 2620 ab
1199 2586 1277 2621 init.

1482 10 1488 14 .
1508 16 1510 18 v
1551 0 1566 23 'L
1579 0 1700 28 i‘fss.‚*⁷'-¹³1'j
1720 0 1721 3 ¹

1517 47 1526 60 *-
1581 50 1585 51 ⁷
1665 48 1669 51 .
1683 48 1696 51 γ,

1594 130 1600 142 Ι
1619 132 1623 134 λ
1702 0 1737 235 1
