1737 2802
118 197 264 255 detur,
282 197 439 241 iniuria
459 195 685 252 aufertur),
705 210 750 238 ac
772 195 954 253 proinde
973 210 995 238 a
1015 194 1193 238 naturali
1211 194 1305 252 lege
1326 195 1561 252 prohiberi3

119 270 181 313 ita
202 269 376 327 furtum
400 282 491 310 esse
516 267 719 309 iniuriam
749 282 770 308 a
806 279 980 309 naturae
1006 266 1100 323 lege
1133 267 1327 323 vetitam,
1353 266 1564 310 constabit

121 353 285 400 aperte,
305 339 437 382 semel
461 354 506 381 ac
530 337 759 395 probatum
785 339 853 394 sit,
877 338 1045 381 homini
1072 354 1222 382 verum
1247 339 1313 381 ius
1337 339 1379 380 in
1404 354 1469 381 res
1493 355 1563 382 ex-

125 424 272 456 ternas
307 423 567 468 competere.
593 411 709 452 Haec
733 411 863 466 igitur
887 423 950 453 est
973 409 1265 467 pertractanda
1289 405 1412 453 nobis
1436 423 1563 468 atque

126 481 334 526 solvenda
367 482 576 539 quaestio,
609 489 753 523 utrum
785 490 819 524 et
851 481 1050 538 quomodo
1085 483 1147 524 ins
1176 483 1218 524 in
1258 497 1321 525 res
1354 483 1567 526 exteriores

123 554 284 598 homini
305 561 512 610 competat.
548 552 673 604 Quae
707 553 903 609 quaestio
938 564 983 594 ut
1016 564 1111 609 apte
1144 552 1348 609 solvatur,
1373 552 1477 597 illud
1501 565 1566 597 est

129 627 276 686 primo
299 624 397 667 loco
421 622 693 679 tradendum,
719 622 816 680 quid
839 623 890 665 sit
913 624 976 665 ius
1000 626 1276 680 proprietatis.

255 696 323 752 78.
359 695 679 737 DECLARATIO.
716 694 911 750 Spectata
947 694 1139 746 materia,
1176 695 1283 738 circa
1316 710 1444 752 quam
1472 712 1567 739 ver-

131 781 268 820 satur,
304 767 370 808 ius
406 778 516 808 recte
552 763 758 807 dividitur
792 766 831 805 in
867 766 930 806 ius
979 765 1274 808 iurisdictionis
1308 778 1348 808 et
1382 767 1444 809 ius
1466 775 1569 825 pro-

127 840 333 898 prietatis.
370 837 507 879 Porfo
544 836 608 877 ius
646 835 917 892 proprietatis
952 849 1047 892 apte
1083 835 1366 893 distinguitur
1413 839 1454 879 in
1504 839 1568 882 ius

134 913 177 954 in
209 925 251 952 re
284 921 324 952 et
360 910 423 952 ius
455 908 639 950 adrem.
675 908 739 949 De
774 906 838 948 his
873 907 1076 950 omnibus
1111 907 1192 951 alio
1236 909 1320 951 iam
1365 908 1463 952 loco
1496 908 1569 968 (t)

134 983 325 1027 diximus
358 981 472 1024 satis,
498 982 567 1022 Ius
603 980 706 1021 inre
740 979 896 1021 dicitur
929 979 1160 1022 dominium
1190 981 1474 1038 proprietatis,
1503 981 1570 1024 vel

130 1053 391 1111 ¹simpliciter
424 1051 665 1093 doininium:
691 1063 755 1093 est
789 1063 931 1092 autem
967 1050 1139 1107 duplex,
1167 1050 1342 1107 plenum
1367 1068 1441 1095 seu
1477 1068 1570 1110 per-

136 1125 314 1177 fectum,
350 1122 636 1179 semiplenum
673 1137 746 1164 seu
797 1121 1114 1178 imperfectum.
1151 1123 1254 1165 Duo
1303 1124 1434 1180 igitur
1481 1137 1571 1167 tra-

133 1195 276 1240 ‹denda
309 1207 421 1237 suut:
446 1219 503 1224 —-
537 1192 639 1250 quid
674 1193 728 1235 sit
763 1192 1005 1235 dominium
1037 1193 1264 1250 perfectum
1287 1219 1344 1227 —-
1368 1194 1472 1252 quid
1494 1196 1572 1238 im-

131 1267 374 1326 perfectum.

255 1338 287 1381 Ι.
322 1337 582 1380 Domiuium
615 1336 780 1394 plenum
815 1349 854 1379 et
877 1344 946 1393 per
971 1345 1097 1379 ectum
1133 1336 1297 1380 definiri
1335 1340 1493 1395 potest,
1521 1349 1569 1381 ut

138 1412 192 1455 sit
225 1411 286 1453 ins
319 1410 360 1452 in
395 1424 434 1451 re
466 1424 544 1451 sese
579 1408 789 1451 extendens
821 1409 876 1451 ad
919 1423 1075 1450 omnem
1112 1417 1282 1466 prorsus
1329 1411 1390 1452 rei
1437 1424 1572 1464 usum,

132 1497 372 1540 omnemqu„²
406 1480 451 1523 de
484 1481 573 1538 ipsa
601 1481 659 1523 rei
691 1480 925 1523 substantia.
959 1481 1264 1537 dispositionem
1295 1483 1336 1524 in
1358 1482 1574 1538 proprium

140 1555 291 1598 bonum
324 1568 392 1596 sen
415 1551 687 1604 commodum,
712 1552 881 1594 exclusis
914 1552 1023 1595 aliis.
1050 1577 1103 1584 —
1132 1553 1302 1596 Dicitur
1342 1552 1419 1610 1⁰.)
1448 1553 1511 1595 ius
1535 1553 1576 1595 in

134 1641 194 1668 re.
230 1625 346 1667 Haec
380 1622 506 1665 verba
540 1623 687 1665 locum
721 1635 868 1665 tenent
901 1625 1088 1679 generis,
1124 1637 1260 1669 cetera
1295 1623 1573 1667 differentiae.

142 1695 279 1749 Quod
299 1695 543 1737 dominium
568 1695 622 1736 sit
646 1695 722 1746 ius,
744 1709 818 1751 per
837 1710 881 1736 se
906 1707 1029 1751 patet.
1053 1694 1189 1747 Quod
1211 1708 1354 1738 autem
1375 1696 1428 1737 sit
1448 1696 1513 1737 ius
1535 1697 1578 1738 in

140 1783 183 1811 re
206 1783 280 1810 seu
305 1767 369 1808 ius
393 1757 514 1821 reale,
537 1781 623 1807 nori
649 1780 751 1808 vero
776 1767 840 1808 ius
865 1767 915 1808 ad
940 1781 1031 1808 rem
1052 1782 1126 1808 seu
1146 1767 1211 1809 ius
1237 1766 1463 1824 personale
1486 1778 1578 1809 tan-

141 1850 253 1893 tum,
276 1853 327 1879 ex
350 1852 402 1879 eo
428 1848 610 1892 constat,
634 1835 752 1894 quod
778 1835 983 1878 domiuus
1014 1837 1071 1879 rei
1097 1837 1276 1880 alicuius
1300 1853 1389 1881 non
1413 1838 1578 1881 dicatur

143 1923 284 1965 neque
308 1908 377 1963 sit,
400 1907 481 1949 nisi
507 1906 588 1959 ille,
613 1907 685 1964 qui
710 1907 845 1963 ipsam
881 1922 971 1949 rem
995 1906 1074 1949 sibi
1109 1906 1342 1950 obnoxiam
1368 1924 1442 1952 seu
1467 1908 1580 1952 obli-

137 1991 283 2036 gatam
310 1977 448 2021 habet:
474 1976 557 2019 huc
580 1990 723 2020 autem
749 1976 858 2020 redit
881 1991 1115 2036 conceptus
1141 1980 1243 2022 iuris
1269 1981 1311 2023 in
1335 1995 1394 2024 re.
1413 2005 1471 2013 —
1495 1981 1581 2024 Di-

142 2050 256 2092 citur
289 2049 365 2101 20.)
398 2064 435 2091 se
467 2063 504 2091 se
538 2047 755 2090 extendens
790 2048 845 2091 αλ
877 2064 1033 2091 omnem
1067 2051 1122 2092 rei
1146 2065 1263 2093 usum
1291 2059 1324 2094 et
1345 2051 1401 2094 ad
1423 2067 1582 2095 omnem

138 2121 265 2164 etiam
289 2120 334 2163 de
358 2122 527 2178 ipsamet
550 2121 610 2163 rei
632 2118 859 2163 substantia
882 2120 1175 2178 dispositionem
1200 2121 1285 2180 (2).
1308 2122 1439 2166 Aliud
1463 2124 1581 2166 enim

240 2337 289 2381 (ι)
316 2339 412 2383 Lege
441 2349 562 2383 super.
589 2337 681 2373 thes.
709 2338 752 2372 ΙΙ.
781 2349 864 2384 pag.
895 2347 949 2379 32.
978 2348 1075 2384 seqq.

242 2398 299 2442 (2)
329 2397 422 2432 Cum
451 2397 592 2440 dicitur,
619 2398 662 2432 ad
689 2408 820 2432 omnem
848 2398 896 2431 rei
926 2408 1042 2437 usum,
1062 2397 1106 2430 ad
1134 2408 1264 2431 omnem
1292 2398 1341 2431 rei
1369 2397 1584 2443 dispositio-

141 2466 242 2498 nem,
271 2467 392 2490 sermo
421 2465 474 2491 est
502 2457 546 2491 de
575 2457 676 2490 omni
705 2467 770 2490 usu
792 2466 825 2491 et
847 2456 1085 2502 dispositione
1114 2468 1154 2491 ex
1175 2468 1207 2492 se
1223 2450 1397 2502 possibili,
1421 2458 1442 2492 i.
1461 2469 1491 2493 e.
1510 2469 1585 2494 non

141 2515 357 2561 implicante
386 2515 731 2550 contradictionem.
755 2515 837 2557 Qua
866 2514 909 2548 de
930 2525 967 2548 re
995 2514 1036 2549 cf.
1057 2515 1100 2549 de
1128 2515 1245 2561 Lugo,
1265 2527 1326 2561 op.
1347 2516 1408 2550 cit.
1429 2516 1522 2561 disp.
1541 2515 1587 2550 ΙΙ.

143 2583 234 2611 sect.
267 2585 293 2610 ι.
320 2586 420 2609 num.
448 2584 493 2617 4.:
526 2589 543 2605 ιι
563 2575 662 2609 Sicut
690 2574 855 2620 Angelus
882 2583 1007 2620 posset
1035 2585 1113 2609 esse
1146 2574 1318 2609 dominus
1358 2574 1474 2620 panis,
1502 2574 1588 2610 licet
