1737 2802
769 153 1053 207 —.-172—..

193 250 239 280 ut
273 235 452 280 verbum
487 235 732 292 hominum,
755 234 830 279 sed
863 235 994 294 (sicut
1029 247 1092 279 est
1122 238 1238 293 vere)
1273 234 1453 288 verbum
1478 237 1572 281 Dei.
1585 253 1608 277 »

192 334 250 343 —
284 310 430 365 Itique
463 319 525 350 est
559 270 732 364 quideni
770 306 820 350 de
855 299 1063 364 conceptu
1099 306 1388 360 revelationis,
1423 306 1541 366 quod
1564 323 1616 352 ex

194 394 311 439 parte
355 381 603 437 accipientis
638 380 691 421 sit
721 379 817 432 sides
853 380 951 433 Deo,
985 379 1059 423 sed
1093 380 1142 433 (si
1178 378 1230 422 de
1263 371 1520 436 revelatione
1553 379 1615 424 di-

192 454 289 495 vina
323 454 363 494 in
393 467 532 507 genere
562 451 807 510 loquamur,
840 466 927 493 non
961 465 1101 494 autem
1137 453 1178 494 in
1210 453 1330 510 specie
1363 451 1414 496 de
1448 452 1614 496 revela-

192 526 310 568 tione
344 524 485 567 divina
520 523 773 579 immediata)
806 522 909 565 fides
935 523 1030 565 Deo
1055 522 1117 565 vel
1135 531 1207 580 per
1227 525 1402 581 seipsum
1425 512 1617 581 quuentss

193 598 257 640 vel
292 596 468 654 loquenti
502 597 541 638 in
574 595 732 637 homine
765 604 797 637 ct
843 604 914 652 per
948 595 1148 638 hominem
1198 604 1408 653 tamqnam
1441 595 1617 653 legatmn

194 684 332 713 sunm.
983 665 989 669 ’
1532 654 1534 657 ⁸
1576 658 1579 661 ⁴

314 739 381 783 Ad
416 742 506 798 2⁰¹.)
532 738 678 782 eadem
705 737 789 782 fere
813 750 876 781 est
900 738 1141 795 responsio.
1169 736 1340 794 Duplici
1376 736 1459 780 hoc
1482 735 1617 794 modo

196 824 338 870 potest
372 811 505 853 homo
539 811 656 869 loqui
691 810 781 853 aliis
815 810 879 853 vel
923 808 1027 852 alios
1064 809 1233 865 docere,
1268 809 1293 852 i.
1329 825 1365 854 e.
1398 807 1464 858 vel
1506 809 1617 851 sim-

197 882 363 940 pliciter
397 896 442 925 ut
475 882 610 925 homo
645 897 718 925 seu
756 897 939 939 persona
988 881 1165 938 privata,
1200 881 1379 923 nomine
1422 881 1617 938 proprio,

195 971 387 1012 suosque
422 954 784 997 communicando
819 966 1067 1011 conceptus,
1100 953 1166 995 vel
1200 966 1417 1010 tamquam
1454 947 1618 1010 legatus

197 1028 324 1083 regiS,
358 1027 491 1084 ipsius
525 1027 716 1083 nomine,
752 1027 931 1083 eiusque
965 1023 1298 1068 transmittendo
1347 1036 1537 1080 mentem
1580 1035 1621 1067 et

197 1098 480 1141 voluntatem.
513 1098 559 1140 In
594 1098 736 1154 primo
772 1113 885 1149 casu,
921 1098 1011 1139 eius
1045 1095 1207 1139 locutio
1243 1111 1287 1138 ac
1321 1095 1514 1139 doctrina
1557 1108 1621 1151 est

197 1172 373 1228 privata,
407 1171 448 1212 in
481 1169 612 1212 altero
647 1185 742 1212 casu
780 1182 842 1212 est
875 1171 998 1224 regia,
1033 1168 1161 1225 idque
1196 1169 1237 1210 in
1273 1166 1430 1225 duplici
1476 1182 1618 1210 sensu:

189 1243 326 1301 primo
361 1239 534 1298 quidem
571 1241 611 1283 in
647 1256 775 1283 sensu
811 1240 1017 1296 obiectivo,
1051 1252 1260 1297 quatenus
1294 1239 1336 1282 id
1369 1230 1624 1297 quodpro-

198 1315 373 1372 ponitur
407 1329 479 1357 seu
515 1313 825 1366 manifestatur,
863 1326 925 1356 est
960 1315 1048 1370 ipsa
1082 1327 1202 1355 mens
1237 1328 1283 1355 ac
1315 1311 1513 1354 voluntas
1549 1327 1620 1355 re-

198 1387 278 1443 gis:
310 1385 478 1429 secundo
512 1398 654 1428 autem
690 1386 732 1428 in
768 1401 894 1428 sensu
931 1386 1060 1428 etiam
1092 1387 1222 1427 activo
1271 1382 1336 1427 vel
1386 1382 1620 1438 subiectivo,

197 1471 410 1516 quatenus
443 1457 529 1510 ille,
565 1459 635 1515 qui
671 1457 863 1515 loquitur
906 1470 976 1500 aut
1011 1456 1148 1510 docet,
1183 1457 1261 1499 etsi
1309 1469 1396 1498 non
1431 1455 1486 1497 sit
1533 1455 1624 1512 ipse

198 1547 286 1587 rex,
319 1545 461 1574 tamen
495 1543 558 1573 est
593 1531 788 1573 minister
821 1531 946 1587 regis,
981 1543 1020 1572 et
1053 1528 1286 1572 formaliter
1319 1544 1401 1586 qua
1436 1527 1528 1570 talis
1561 1526 1625 1570 lo-

197 1605 344 1662 quitur
378 1603 443 1645 vel
477 1602 616 1659 docet,
650 1603 761 1659 regis
795 1601 954 1645 scilicet
988 1602 1164 1644 nomine
1199 1614 1323 1658 atque
1356 1599 1622 1654 auctoritate.

198 1701 255 1709 —
291 1676 336 1719 Si
371 1676 502 1732 igitur
536 1675 655 1717 Deus
689 1675 742 1717 sit
776 1690 848 1716 rex
882 1673 965 1730 ille,
1000 1674 1119 1715 cuius
1164 1673 1339 1715 nomine
1383 1682 1423 1714 et
1469 1682 1623 1714 aucto-

198 1749 318 1792 ritate
352 1748 448 1805 quis
482 1746 672 1804 loquitur
707 1759 776 1788 aut
811 1745 954 1798 docet,
990 1744 1116 1787 huius
1150 1743 1313 1787 locutio
1347 1758 1393 1786 ac
1431 1742 1625 1786 doctrina

197 1821 290 1863 iure
323 1820 567 1876 meritoque
615 1818 779 1861 dicetur
829 1801 987 1860 (lt-tina.
1033 1817 1228 1860 Iunvero
1275 1816 1316 1858 in
1365 1814 1625 1858 revelatione

199 1890 384 1934 mediam
416 1890 497 1933 hoc
532 1891 756 1947 contingit:
792 1890 864 1946 qui
898 1889 1013 1932 enim
1048 1889 1195 1931 ceteris
1243 1888 1466 1930 veritatem
1515 1900 1624 1944 pan-

198 1962 324 2015 dunt,
361 1964 386 2005 ii
421 1962 659 2020 loquuntur
693 1974 733 2004 et
768 1960 940 2015 docent,
973 1975 1059 2003 non
1095 1972 1141 2003 ut
1174 1961 1281 2002 meri
1312 1958 1527 2014 homines,
1550 1957 1626 2002 sed

197 2048 417 2092 nmquam
454 2036 589 2077 nuntii
638 2047 678 2077 et
712 2033 837 2090 legati
888 2033 1021 2090 ipsius
1070 2032 1165 2088 Dei,
1198 2046 1287 2074 non
1333 2046 1408 2073 sua
1457 2044 1624 2089 propo-

200 2119 367 2159 nenteS,
402 2106 478 2149 sed
506 2105 574 2148 illa
606 2121 714 2163 quae
747 2122 767 2148 a
791 2106 888 2148 Deo
912 2115 1165 2161 acceperunt
1188 2100 1528 2145 transmittenda:
1549 2116 1626 2152 eos

198 2191 342 2222 autem
370 2179 487 2221 Deus
512 2177 767 2221 iuthenticis
803 2177 974 2220 instruit
999 2174 1271 2232 indubiisque
1298 2173 1449 2230 signis,
1473 2171 1626 2230 quibus

198 2262 417 2306 accepttm
451 2266 472 2292 a
505 2265 550 2292 se
584 2249 838 2291 missionem
872 2246 1068 2305 probent.
1095 2246 1242 2298 Quare
1276 2259 1429 2287 eorum
1462 2241 1627 2286 locutio

200 2337 246 2364 ac
280 2320 472 2364 doctrim
505 2321 547 2363 in
581 2319 740 2377 duplici
775 2319 864 2376 illo,
898 2334 1028 2376 quem
1063 2317 1364 2375 exposuimus,
1393 2329 1522 2376 sensu
1557 2313 1626 2357 di-

199 2394 310 2436 citur
345 2405 385 2435 et
416 2407 515 2434 vere
548 2405 611 2435 est
644 2392 799 2435 divina.

320 2465 373 2508 II.
408 2464 533 2516 Quae
567 2464 712 2506 omnia
735 2462 817 2505 hoc
851 2460 1162 2504 confirmantur
1184 2470 1457 2516 argumento.
1490 2454 1628 2510 Quod

199 2537 337 2580 facere
372 2548 513 2593 potest
547 2550 618 2577 rex
651 2547 865 2586 terrenus,
900 2532 1105 2591 quodque
1139 2546 1218 2575 nec
1251 2529 1472 2573 moraliter
1504 2520 1629 2591 inor-

198 2609 395 2654 dinatum
428 2619 492 2650 est
513 2621 591 2649 nec
615 2604 742 2648 ullam
776 2604 955 2649 includit
982 2601 1381 2664 contradictionem,
1404 2598 1447 2644 id
1479 2598 1625 2654 multo
