1737 2802
721 77 987 120 „219-

143 173 184 204 et
217 161 306 219 ipsa
338 159 541 204 naturalis
574 160 682 202 ratio
715 159 855 204 dictat.
895 179 917 200 «
941 159 1127 216 Etenim,
1161 171 1207 202 ut
1254 172 1349 217 apte
1397 158 1569 202 disserit

143 232 388 290 Tongiorgi
422 231 507 290 (1),
542 230 652 273 bona
683 232 940 274 existimatio
975 231 1183 274 maiorem
1219 232 1367 274 virtuti
1401 230 1568 274 stabili-

140 316 270 348 tatem
305 303 439 360 affert,
471 303 599 347 fidem
635 317 675 346 et
709 304 914 347 amicitias
948 302 1163 359 conciliat,
1196 317 1344 347 contra
1381 303 1566 348 aliorum

139 377 314 420 iniurias
363 376 555 420 validum
591 390 654 419 est
703 376 1097 434 propugnaculum,
1131 389 1172 419 et
1219 375 1271 419 ad
1304 376 1450 419 omnia
1497 374 1567 419 illa

139 447 447 506 emolumenta,
480 465 587 507 quae
620 451 801 493 societas
836 448 979 507 probis
1003 448 1283 506 honestisque
1316 449 1417 490 viris
1453 462 1562 490 con-

138 520 234 579 fert,
267 521 390 566 nobis
439 522 601 566 aditum
653 521 809 579 pandit:
860 521 1118 580 quandoque
1151 521 1280 563 etiam
1329 521 1564 564 necessaria

141 607 204 638 est
237 593 287 638 ad
321 593 404 637 hoc
437 607 482 637 ut
516 595 695 652 proprio
729 610 908 638 munere
942 593 1062 651 fungi
1095 606 1221 651 atque
1265 593 1401 650 ipsam
1451 592 1560 637 adeo

135 668 268 711 vitam
301 680 538 711 sustentare
573 669 846 726 possimus.»

497 975 528 1020 §.
554 985 597 1009 11.
627 976 686 1009 De
712 976 859 1011 officiis
886 976 1018 1018 quoad
1045 986 1202 1020 corpus.

681 1202 849 1247 Tamis
883 1203 1006 1247 XXI.

134 1354 246 1398 Deus
279 1354 436 1397 homini
467 1356 574 1397 vitae
606 1368 701 1397 snae
732 1353 951 1397 arbitrium
986 1369 1066 1397 non
1100 1354 1273 1411 reliquit:
1314 1367 1440 1412 quare
1480 1354 1555 1396 sei-

245 1435 368 1485 psum
403 1428 626 1470 interimere
674 1436 730 1470 est
776 1428 879 1470 actio
923 1428 964 1470 in
1012 1443 1050 1470 se
1098 1428 1222 1481 mula,
1249 1426 1494 1485 proindeque
1525 1441 1552 1469 a

248 1497 437 1542 naturali
470 1498 548 1556 lege
580 1499 799 1557 prohibita.

248 1616 316 1669 65.
352 1613 739 1657 DEMONSTRATto.
778 1614 915 1656 Primo
949 1612 1177 1656 afferemus
1215 1599 1468 1670 argumenta
1499 1611 1550 1655 ad

125 1683 400 1727 intrinsecam
435 1684 600 1728 suicidii
635 1684 950 1742 turpitudinem
974 1686 1032 1742 (2)
1066 1682 1460 1727 demonstrandam:
1483 1697 1545 1726 se-

125 1755 252 1800 cundo
287 1757 549 1815 praecipuas,
583 1772 689 1814 quae
733 1758 894 1814 opponi
938 1756 1092 1813 solent,
1135 1754 1407 1799 difficultates
1457 1754 1549 1798 sol-

125 1842 292 1872 vemuS.
732 1832 733 1835 ’
1265 1879 1267 1881 ,

243 1900 276 1944 Ι.
311 1900 448 1955 Deus,
484 1913 634 1959 utpote
667 1913 915 1943 cunctarum
950 1915 1091 1943 rerum
1138 1911 1303 1942 creator
1335 1898 1415 1957 (3),
1450 1897 1545 1957 ple-

221 2120 275 2166 (ι)
302 2121 382 2157 Eth.
413 2123 538 2168 partic.
566 2133 666 2156 num.
697 2130 771 2165 313.

217 2182 270 2226 (2)
300 2195 317 2212 ι
334 2181 444 2222 Licet,
471 2183 518 2216 ita
545 2182 650 2228 Card.
677 2181 719 2216 de
746 2182 863 2228 Lugo,
890 2180 932 2215 de
959 2181 1039 2215 iust.
1067 2190 1100 2216 et
1127 2180 1204 2215 iure
1230 2180 1320 2226 disp.
1338 2180 1382 2215 X.
1401 2188 1487 2215 sect.
1512 2189 1537 2214 1.

119 2252 220 2276 num.
250 2252 296 2286 3.,
322 2241 404 2276 licet
430 2242 617 2287 turpitudo
658 2242 797 2276 suicidii
825 2241 947 2277 stat-:m
975 2250 1158 2287 appareat,
1184 2252 1259 2275 non
1285 2249 1408 2275 tamen
1435 2238 1540 2273 facilc

120 2309 173 2336 est
199 2302 273 2336 eius
301 2300 576 2337 fundamentum
605 2302 776 2336 invenire:
808 2301 913 2344 unde,
944 2300 1040 2348 quod
1079 2300 1114 2334 in
1152 2299 1231 2335 aliis
1271 2298 1397 2334 multis
1435 2309 1540 2346 quae-

119 2360 299 2395 stionibus
326 2361 518 2406 contingit,
543 2361 660 2407 magis
685 2370 780 2395 certa
808 2371 860 2397 est
887 2361 1087 2403 conclusio,
1114 2370 1222 2407 quam
1256 2360 1425 2401 rationes,
1452 2369 1541 2405 quae

121 2421 238 2455 variae
265 2432 284 2454 a
312 2420 461 2455 diversis
488 2419 684 2456 afferuntur
709 2420 753 2454 ad
780 2422 855 2455 eius
882 2421 1182 2466 probationem.»

214 2479 269 2525 (3)
297 2480 389 2514 Vide
417 2491 534 2525 super,
561 2479 632 2515 vol.
662 2490 688 2514 1.
715 2480 806 2516 thes.
834 2481 908 2516 XL.
937 2493 1018 2527 pag.
1046 2481 1120 2525 328.
1147 2480 1240 2515 Vide
1277 2481 1386 2514 etiam
1420 2489 1536 2524 super.

125 2538 216 2575 thes.
241 2539 302 2576 IV.
330 2551 413 2586 pag.
441 2539 506 2582 61„
534 2548 567 2574 et
596 2539 683 2576 thes.
711 2540 806 2575 VIII.
1051 2536 1057 2544 ¹
