1737 2802
88 189 133 232 in
166 187 337 245 malam,
369 199 416 230 ut
449 187 533 230 iam
567 185 770 244 diximus,
803 198 966 244 partem
999 199 1207 243 sumatur,
1241 199 1388 230 contra
1428 201 1524 230 no-

90 274 189 303 men
221 259 339 317 officii
369 257 467 302 inde
500 257 738 306 derivatum
773 257 812 301 in
846 256 1002 300 bonam
1036 272 1207 314 semper
1239 271 1400 315 partem
1435 273 1521 301 ac-

90 331 259 388 cipitur.
293 330 441 386 Itaque
475 328 683 385 officium,
717 330 751 372 si
785 339 1000 387 spectetur
1031 330 1074 372 in
1107 339 1298 387 concreto,
1331 342 1395 374 est
1434 330 1513 374 ali-

90 400 194 460 quid
227 400 441 458 agendum
476 413 547 444 aut
589 401 879 445 omittendum
928 400 1155 444 auxiliandi
1189 401 1313 445 alicui
1361 402 1427 445 vel
1475 403 1522 446 ei·

89 472 352 531 obsequendi
387 488 524 517 causa:
558 473 625 516 sin
659 485 801 516 autem
828 472 1124 517 consideretur
1147 475 1189 516 in
1212 473 1426 531 abstracto,
1449 488 1513 518 est

91 543 253 587 morale
286 543 477 587 debitum
511 560 585 587 seu
620 543 792 587 moralis
827 543 1031 601 obligatio
1064 544 1214 601 agendi
1249 544 1407 602 aliquid
1444 559 1513 588 aut

90 615 250 674 aliquid
282 615 511 658 omittendi
559 629 605 659 ut
636 617 754 659 alieri
789 615 994 659 auxilium
1027 616 1094 659 vel
1127 615 1385 674 obsequium
1433 618 1512 659 im-

92 686 313 744 pendatur.
364 687 478 730 Hinc
526 687 739 743 elegantes
783 699 883 730 sunt
931 686 1008 731 hae
1051 686 1306 744 locutiones,
1341 688 1514 745 exsequi

91 757 248 812 officia,
269 759 448 816 implere
471 757 599 801 officii
623 759 686 801 sui
711 768 865 816 partes,
886 758 1136 801 meminisse
1155 757 1346 801 officium
1370 775 1515 812 suum,

93 829 241 874 deesse
275 830 435 883 officio,
472 829 599 873 officii
634 829 788 873 ducere
823 829 958 872 facere
992 829 1149 887 aliquid
1182 829 1249 872 vel
1282 829 1433 873 dicere.

213 901 420 947 Officium
458 904 497 944 in
531 911 706 945 concreto
740 913 976 958 spectatum
1010 899 1099 944 fere
1131 900 1244 944 idem
1279 914 1341 944 est
1374 917 1420 944 ac
1444 904 1514 945 iu-

89 982 197 1016 stum
229 973 294 1031 (in
318 972 503 1016 secunda
529 975 630 1016 iuris
653 972 938 1031 acceptione):
963 985 1003 1015 et
1028 971 1219 1015 officium
1253 973 1292 1015 in
1316 973 1514 1017 abstracto

90 1045 405 1088 consideratum
442 1044 527 1088 fere
561 1044 675 1087 idem
710 1057 772 1087 est
805 1059 850 1087 ac
884 1044 1074 1101 obligatio
1110 1044 1289 1087 moralis.
1325 1045 1421 1087 Hoc
1445 1044 1513 1087 di·-

89 1116 302 1158 scriminis
337 1115 410 1158 has
445 1116 555 1158 inter
591 1131 715 1158 voces
749 1130 841 1158 esse
875 1114 1057 1168 videtur,
1092 1114 1207 1172 quod
1245 1114 1437 1158 officium
1473 1117 1514 1158 in

90 1197 267 1230 concreto
300 1189 542 1245 inspectum
577 1186 745 1230 exbibet
777 1186 954 1228 debitum
988 1199 1028 1228 et
1061 1186 1310 1229 alteritatem
1351 1187 1515 1244 potius2

90 1274 219 1316 quam
252 1259 556 1317 aequalitatem,
581 1271 725 1301 contra
748 1259 901 1300 iustum
929 1257 1028 1300 dicit
1058 1259 1343 1314 aequalitatem
1373 1259 1515 1316 potius

90 1346 218 1389 quam
253 1330 430 1373 debitum
472 1339 505 1373 et
553 1330 825 1373 alteritatem.-
874 1328 1067 1371 officium
1102 1342 1242 1371 autem
1289 1342 1514 1388 sumptum

92 1404 135 1445 in
181 1402 377 1445 abstracto
426 1400 593 1445 exhibet
639 1402 886 1444 alteritatem
935 1400 1101 1456 magis,
1150 1416 1277 1458 quam
1319 1401 1516 1444 eamdem

88 1473 284 1517 exhibeat
317 1473 360 1515 in
392 1488 471 1516 suo
507 1485 715 1530 conceptu
751 1472 918 1515 moralis
951 1471 1157 1528 obligatio.

210 1545 261 1589 II.
298 1545 360 1587 Ex
379 1544 528 1588 tradita
547 1543 677 1588 officii
700 1546 879 1588 notione
904 1560 1090 1602 pronum
1114 1545 1293 1587 omnino
1318 1556 1381 1586 est
1399 1559 1528 1602 prae-

91 1617 236 1674 cipuas
270 1617 360 1660 eius
410 1618 659 1674 partitiones
695 1616 908 1673 detegere.
958 1615 1076 1660 Aliae
1122 1615 1280 1659 scilicet
1327 1629 1367 1659 et
1414 1616 1517 1659 aliae

90 1702 327 1745 exsurgunt
374 1688 622 1744 divisiones,
667 1700 795 1746 prout
842 1689 882 1731 in
933 1687 1080 1732 officio
1132 1688 1428 1731 consideratur
1460 1689 1517 1721 —'

88 1760 157 1802 vel
188 1760 420 1803 radicaliter
454 1759 509 1812 id,
543 1776 564 1802 a
598 1775 684 1817 quo
719 1758 910 1802 officium
947 1758 1142 1816 procedit
1164 1784 1220 1791 —
1255 1758 1321 1801 vel
1346 1762 1518 1816 jorma-

90 1834 183 1877 liter
215 1831 271 1883 id,
308 1832 348 1874 in
373 1846 460 1888 quo
484 1829 674 1873 officium
712 1831 908 1873 consistit
932 1854 989 1863 -
1011 1829 1079 1872 vel
1103 1830 1369 1873 materialiter
1400 1828 1530 1886 illud?

91 1903 209 1962 quod
242 1915 304 1946 est
336 1919 386 1945 ex
419 1901 563 1945 officio
598 1900 904 1959 praestandum
939 1927 996 1932 —
1028 1900 1093 1944 vel
1127 1900 1297 1943 relative
1337 1914 1518 1957 persona

92 1974 175 2028 illa,
209 1975 251 2017 in
285 1975 406 2017 cuius
441 1973 603 2016 bonum
640 1972 764 2016 debet
799 1971 993 2016 officium
1030 1971 1231 2029 persolvi.

211 2045 391 2089 Divisio
432 2058 465 2087 1.
500 2046 561 2087 Ac
595 2045 737 2102 primo
771 2043 945 2101 quidem
996 2055 1238 2101 spectemus
1288 2042 1330 2084 in
1374 2040 1518 2084 officio

92 2121 152 2178 id,
183 2137 204 2164 a
237 2137 324 2179 quo
359 2122 599 2165 virtualiter
631 2121 791 2164 morale
826 2120 1015 2164 debitum
1043 2119 1252 2177 procedit,
1277 2135 1352 2162 seu
1376 2120 1519 2177 ipsum

94 2192 418 2237 consideremus
448 2194 700 2250 principium
723 2191 865 2235 officii.
891 2217 948 2224 —
971 2190 1235 2234 Huiusmodi
1261 2191 1519 2249 principium

91 2277 156 2308 est
189 2265 264 2308 lex.
300 2265 414 2309 Cum
463 2272 611 2309 autem
661 2263 727 2307 lex
775 2263 1061 2320 distinguatur
1104 2261 1275 2320 duplex,
1321 2260 1520 2304 naturalis

92 2350 249 2394 nempe
282 2348 324 2379 et
357 2337 567 2394 positiva3
603 2335 700 2378 hinc
749 2334 906 2392 duplex
939 2335 1065 2377 etiam
1100 2333 1378 2390 distinguitur
1421 2331 1525 2374 offi-

91 2408 223 2457 cium,
255 2407 444 2450 naturale
478 2406 637 2450 scilicet
671 2419 710 2449 et
737 2408 975 2463 positivum,
1010 2417 1137 2463 prout
1169 2420 1191 2447 a
1215 2403 1400 2448 naturali.
1426 2403 1519 2459 lege

94 2474 291 2534 procedit
324 2475 391 2519 vel
423 2476 660 2533 imponitur
692 2490 713 2517 a
745 2475 838 2532 lege
871 2474 1068 2533 positiva.
1104 2474 1175 2518 Sic
1208 2489 1243 2516 e.
1265 2489 1305 2530 g.
1329 2471 1519 2515 naturale

88 2559 155 2591 est
187 2545 377 2590 officium
411 2546 579 2591 colendi
611 2547 771 2603 Deum,
805 2545 1049 2589 honorandi
1097 2557 1322 2604 parentes:
1358 2543 1529 2602 positi--
