1737 2802
687 134 957 178 „251-

105 219 138 261 S.
173 217 374 261 Thomae
406 216 467 274 (1)
503 217 545 259 in
579 217 646 274 iis,
679 232 786 275 quae
820 217 904 260 iarn
937 215 1174 272 attulimus,
1211 215 1363 260 verbis:
1405 234 1424 258 «
1447 216 1535 260 Illi-

105 288 239 332 citum
275 300 339 331 est
386 287 506 346 quod
549 287 687 331 horno
732 288 917 332 intendat
967 287 1162 331 occidere
1211 287 1439 332 hominem
1489 300 1537 331 ut

105 360 296 417 seipsum
349 357 560 403 defendat:
585 376 608 398 »
657 357 779 402 debet
818 360 961 416 potius
1005 360 1241 417 permissive
1288 375 1331 402 se
1383 358 1537 402 habere

104 430 155 474 ad
188 430 418 487 damnum,
452 430 569 488 quod
604 429 723 473 alteri
756 430 896 487 infert,
929 445 1017 473 non
1054 444 1197 474 autem
1241 429 1345 473 illud
1389 431 1542 473 inten-

102 501 221 556 dere,
255 516 306 544 ne
337 510 505 559 propter
538 501 654 544 alind
686 502 876 559 quidem.

225 572 452 618 Obiiciunt
485 573 535 631 γ)
578 572 681 616 illud
725 573 924 631 Apostoli
961 575 1032 632 (2):
1075 575 1212 617 «Nou
1261 590 1338 618 vos
1389 574 1541 618 defen·

103 645 267 699 dentes,
302 646 564 690 carissimi.»
587 670 644 678 -
677 645 925 703 Respondet
961 662 991 689 s.
1019 646 1217 689 Thomas
1251 646 1332 705 (3),
1375 664 1394 688 «
1417 649 1536 704 quod

103 716 159 760 ibi
194 716 445 776 prohibetur
479 716 687 770 defensio,
721 733 829 775 quae
863 729 925 760 est
960 732 1058 760 cum
1092 716 1227 760 livore
1260 718 1488 777 vindictae,
1509 737 1529 760 r>

101 804 258 846 nempe
292 804 390 831 cum
426 789 520 846 quis
556 790 737 846 quiescit
771 789 813 830 in
851 787 963 830 malo
998 789 1189 845 proximi
1223 805 1268 831 ac
1304 789 1354 832 de
1378 806 1429 832 eo
1465 790 1536 834 de-

103 859 296 913 lectatur,
330 859 433 903 illud
463 867 631 917 propter
665 875 702 903 se
724 859 1001 903 intendendo.
1029 860 1130 912 Qua
1153 860 1203 903 de
1228 876 1271 903 re
1294 861 1409 904 iuvat
1433 879 1533 906 cum

101 931 152 975 de
176 932 302 989 Lugo
337 930 408 990 (4)
443 930 795 974 animadvertere:
839 932 1001 974 «Licet
1024 932 1197 975 invasus
1223 932 1437 976 occideret
1471 935 1537 978 in-

100 1004 266 1047 iustum
302 1002 572 1046 invadentem
608 1018 658 1045 ex
691 1001 794 1046 odio
828 1003 893 1046 vel
927 1002 1075 1046 affectu
1117 1004 1340 1061 vindictae,
1376 1021 1534 1061 pecca-

101 1087 249 1118 turum
273 1073 449 1132 quidem
475 1087 620 1117 contra
643 1076 870 1131 caritatem,
890 1090 975 1117 non
999 1087 1142 1119 tamen
1161 1088 1306 1119 contra
1328 1078 1536 1129 iustitiam,

100 1158 226 1204 atque
262 1145 357 1188 ideo
390 1160 478 1188 non
511 1146 646 1188 teneri
681 1145 732 1188 ad
766 1146 1141 1189 restitutionem.»

216 1217 380 1260 Dicunt
415 1214 462 1275 ὂ)
501 1216 681 1259 salutem
715 1229 931 1259 aeternam
957 1218 1144 1274 proximi
1181 1233 1274 1261 esse
1298 1217 1536 1275 praeferen-

98 1287 198 1331 dam
232 1289 343 1331 vitae
378 1287 604 1346 temporali
638 1288 850 1345 propriae:
886 1303 990 1344 ergo
1026 1304 1124 1331 cum
1148 1290 1330 1332 iniustus
1366 1291 1537 1333 invasor

97 1359 152 1402 sit
185 1359 228 1402 in
262 1372 371 1402 statu
409 1360 564 1418 peccati
602 1360 763 1402 ratione
797 1361 1090 1416 aggressionis
1129 1361 1304 1404 actualis
1338 1362 1539 1418 iniustae,

99 1431 184 1489 ille,
218 1432 291 1490 qui
327 1432 560 1486 invaditur,
597 1431 737 1488 debet,
772 1431 921 1475 saltem
956 1447 1009 1476 ex
1050 1433 1236 1490 caritate,
1259 1446 1449 1477 mortem
1475 1434 1545 1477 in-

98 1504 254 1546 iustam
289 1503 485 1559 tolerare,
519 1504 664 1562 potius
705 1519 832 1562 quam
884 1520 983 1547 eum
1019 1516 1215 1548 aeternae
1268 1504 1535 1548 damnationi

96 1589 331 1632 exponere,
378 1575 520 1632 ipsum
568 1574 822 1618 occidendo.
857 1602 913 1606 —
949 1576 1227 1633 Respondeo,
1271 1577 1534 1634 principium

94 1645 215 1702 illud,
247 1662 298 1689 ex
331 1661 417 1704 quo
452 1647 660 1704 arguitur,
693 1662 788 1690 esse
820 1662 986 1704 verum,
1021 1647 1183 1706 quando
1214 1649 1428 1706 proximus
1474 1658 1530 1692 est

96 1717 137 1760 in
169 1730 346 1760 extrema
381 1718 623 1762 necessitate.
659 1718 790 1775 Atqui
826 1719 998 1761 invasor
1033 1733 1120 1761 non
1155 1730 1218 1762 est
1253 1720 1295 1761 in
1339 1732 1527 1762 extrema

92 1789 360 1843 necessitate,
400 1789 489 1831 imo
537 1804 589 1831 ne
638 1789 680 1830 in
727 1789 845 1846 gravi
895 1788 1072 1847 quidem
1121 1791 1386 1848 necessitate,
1428 1805 1526 1833 cum

93 1859 231 1917 possit
265 1858 341 1902 sibi
376 1858 614 1916 consulere,
640 1875 729 1902 non
763 1875 833 1903 me
867 1859 1107 1904 invadendo
1132 1861 1304 1919 iniuste,
1342 1873 1412 1904 aut
1439 1876 1526 1903 ces-

93 1928 230 1973 sando
263 1929 311 1973 ab
335 1931 626 1987 aggressione.
650 1930 866 1974 Praeclare
889 1931 955 1975 De
979 1932 1104 1988 Lugo
1139 1935 1212 1987 (J5):
1256 1950 1276 1973 «
1300 1931 1525 1990 Obligatio

204 2170 257 2215 (1)
282 2169 381 2216 Lege
406 2179 529 2206 tamen
557 2171 601 2205 de
628 2171 743 2219 Lug0‚
762 2181 821 2218 op.
841 2179 875 2206 et
901 2170 924 2205 l.
948 2171 1006 2206 cit.
1035 2169 1127 2216 disp.
1147 2170 1192 2205 X.
1212 2179 1296 2205 sect.
1323 2169 1383 2205 VI.
1404 2181 1439 2205 n.
1463 2169 1537 2214 148.

97 2237 194 2276 seqq.
223 2229 314 2264 Item
341 2229 388 2266 cf.
413 2229 589 2278 Vasquez,
617 2241 676 2276 op.
704 2239 738 2265 et
766 2229 787 2266 l.
817 2230 875 2266 cit.
905 2241 1006 2265 num.
1049 2228 1103 2266 16.
1127 2251 1163 2257 —-*
1198 2229 1335 2265 Recole
1369 2241 1421 2272 ea,
1449 2241 1548 2276 quae>

96 2299 214 2334 super.
242 2287 396 2322 diximus
431 2288 523 2323 thes.
550 2289 632 2324 VII.
658 2288 774 2324 schol.
804 2300 887 2335 pag.
913 2287 970 2337 96.

188 2347 244 2393 (2)
269 2347 325 2381 Ad
353 2347 460 2381 Rom.
490 2347 569 2382 XII.
598 2357 649 2393 19.
675 2347 769 2382 Vide
795 2358 911 2393 super.
940 2346 1029 2382 thes.
1057 2347 1136 2382 VII.
1167 2359 1246 2394 pag.
1266 2357 1326 2394 94.
1363 2346 1486 2382 adnot.
1509 2357 1534 2382 1.

191 2407 244 2452 (3)
272 2406 359 2441 Loc.
388 2418 485 2441 nunc
515 2406 574 2441 cit.
602 2406 644 2441 ad
676 2413 728 2448 5¹¹².
769 2406 826 2442 Cf.
854 2407 962 2441 etiam
992 2407 1188 2449 Becanum,
1214 2406 1258 2441 de
1284 2406 1359 2441 iure
1387 2416 1421 2442 et
1448 2407 1534 2454 iust-

98 2477 128 2502 c.
158 2475 209 2510 54.
235 2477 269 2513 q.
296 2465 328 2501 6.
356 2477 457 2500 num.
485 2476 531 2508 4:
560 2466 738 2513 Vasquez‚
763 2477 824 2512 op.
855 2475 888 2500 et
916 2466 937 2500 l.
967 2466 1029 2502 cit.
1055 2477 1152 2501 num.
1184 2476 1235 2512 19.

185 2525 237 2572 (4)
263 2525 337 2572 Op.
363 2535 399 2561 et
425 2525 448 2561 1.
474 2527 537 2561 cit.
570 2535 658 2561 sect.
687 2526 747 2560 VI.
779 2537 882 2561 num.
913 2526 988 2570 138.

187 2585 242 2631 (5)
268 2584 356 2620 Ibid.
389 2596 490 2621 num.
520 2594 593 2629 142.
619 2604 663 2611 —
683 2585 739 2620 Ad
767 2596 842 2620 rem
863 2584 947 2620 facit
967 2585 1142 2620 sententia
1168 2585 1338 2621 Isocratis
1364 2585 1535 2621 adversus
