1737 2802
1579 0 1581 2 .
1656 0 1660 4 .
1685 0 1691 7 ,

1688 39 1707 58 *tr

1666 0 1737 149 ,ἶ

1723 155 1737 166 ιλ

279 261 468 303 naturae,
501 244 566 288 vel
600 259 674 302 per
706 240 819 286 aliud
848 240 966 298 illud,
985 239 1035 284 de
1059 254 1148 297 quo
1181 238 1384 296 diximus,
1408 227 1601 301 medium
1625 254 1704 282 na·

279 333 396 362 turae
431 316 683 361 indebitum.
709 315 856 367 Quare
881 303 1083 356 revelatio
1112 309 1252 355 divina
1281 306 1610 369 supernaturalis
1627 305 1696 354 'est
1735 308 1737 311 ’

279 394 395 450 mani]
415 392 558 435 estatio
593 389 779 431 veritatis
811 401 835 428 a
860 386 944 428 Deo
981 385 1105 427 menti
1134 383 1338 436 lmmcznae
1359 382 1480 440 facta
1507 387 1581 441 per
1602 382 1698 441 for-

280 465 427 508 malem
460 463 707 506 locutionem.
1568 512 1571 515 Ι

398 535 474 592 4⁰.)
509 533 692 576 Locutio
727 529 917 573 formalis
951 529 1056 572 nihil
1089 528 1202 573 aliud
1235 541 1314 585 est,
1347 520 1704 586 quam'cor'nm‘u·

277 608 434 650 nie-atio
468 604 585 647 alteri
619 602 723 645 facta
756 614 988 658 conceptus
1033 590 1244 659 propriae
1274 599 1429 642 mentis
1464 597 1548 658 (1).
1583 596 1704 662 lain—

277 694 379 724 vero
413 678 568 736 duplex
601 675 777 732 cogitari
810 685 950 731 potest
983 674 1065 717 Dei
1099 672 1150 716 ad
1183 672 1382 715 homines
1415 671 1592 735 locutio,
1623 664 1695 714 ni·

277 753 436 796 mirum
468 749 535 793 vel
567 747 821 802 immdiata,
847 747 880 788 si
904 747 1025 789 Deus
1049 761 1123 804 per
1145 746 1335 803 seipsum
1361 756 1552 787 mentem
1574 746 1697 787 suam

253 823 484 882 ‚aliquibus
518 821 694 880 aperiat,
728 818 794 862 vel
829 818 1023 870 mediata,
1058 818 1093 860 si
1127 816 1209 860 hoc
1242 816 1356 859 idem
1391 816 1576 874 praestet
1624 828 1702 872 per

250 897 497 938 tministros
531 909 605 935 seu
639 891 817 947 legatos,
854 889 1007 947 quibus
1041 903 1162 933 antea
1193 900 1383 931 mentem
1417 902 1540 929 suam
1575 897 1700 944 pate-

275 967 419 1010 fecerit
451 978 491 1008 et
524 964 614 1007 aliis
638 961 1009 1006 transmittendam
1031 961 1311 1005 commiserit.
1337 985 1394 993 —
1418 949 1696 1003 Hinc'autem

274 1039 407 1096 liquet
440 1037 611 1094 partitio
646 1034 916 1078 revelationis
950 1032 1285 1092 supernaturalis
1331 1033 1371 1076 in
1416 1029 1696 1075 immediatam

274 1123 314 1153 et
349 1109 582 1164 mediat-am,
607 1119 734 1163 prout
767 1105 929 1150 locutio
965 1107 1045 1149 Dei
1080 1104 1331 1148 immediata
1364 1116 1427 1148 est
1459 1102 1525 1147 vel
1558 1118 1698 1148 secus,

275 1182 422 1235 Quare
456 1179 655 1223 revelatio
690 1178 1024 1236 supernaturalis
1060 1176 1294 1219 immediata
1328 1176 1388 1219 sic
1430 1187 1573 1234 potest
1615 1174 1694 1219 de-

273 1253 399 1297 finiri:
435 1253 707 1310 manifestatio
742 1252 928 1294 veritatis
960 1265 986 1293 a
1030 1251 1114 1294 Deo
1164 1250 1288 1292 menti
1334 1249 1537 1291 humanae
1575 1247 1698 1306 faeta

270 1334 343 1384 per
365 1324 590 1383 formalem
623 1338 785 1380 eamque
820 1321 1099 1364 immediatam
1132 1321 1266 1378 Ipsius
1301 1319 1555 1363 locutionem.

395 1397 486 1439 Hac
518 1396 560 1437 in
595 1393 859 1452 paragrapho
893 1393 1016 1436 tertia
1048 1407 1226 1450 agemus
1260 1391 1311 1434 de
1355 1391 1500 1434 divina
1532 1405 1578 1434 ac
1620 1405 1697 1434 su-

267 1468 526 1526 pernaturali
572 1466 845 1521 revelatione,
893 1480 1022 1523 quam
1072 1463 1359 1507 rationalistae
1402 1463 1611 1517 reiiciunt,
1655 1475 1699 1506 et

274 1540 414 1596 primo
448 1537 544 1580 loco
579 1538 668 1580 eius
693 1535 1002 1595 possibilitatem
1036 1534 1441 1579 demonstrabimus.
1467 1535 1528 1578 Ut
1551 1547 1694 1578 autem

273 1609 456 1654 dilucide
504 1608 807 1667 procedamus,
841 1608 925 1651 hoc
973 1609 1014 1650 in
1063 1608 1228 1665 primis,
1264 1619 1309 1649 ut
1355 1607 1439 1649 iam
1489 1605 1693 1664 diximus,

272 1680 566 1732 ostendemus,
590 1679 914 1736 revelationem,
937 1694 1031 1722 eam
1055 1677 1202 1722 saltem
1229 1694 1336 1736 quae
1360 1678 1415 1722 sit
1441 1676 1695 1733 immediata,
1726 1666 1730 1670 v

858 148 1125 202 ,164-

271 1769 364 1797 esse
398 1752 660 1810 possibilem.

393 1839 459 1880 39.
494 1825 883 1868 DentoNsTRATro.
903 1822 1127 1867 Possibilis
1146 1835 1208 1866 est
1226 1821 1369 1866 divina
1392 1823 1593 1868 revelatio
1612 1825 1692 1868 im-

270 1896 466 1952 mediata,
501 1897 535 1939 si
568 1912 706 1954 neque
734 1909 944 1953 repugnat
966 1911 1019 1939 ex
1054 1908 1170 1953 parte
1196 1895 1275 1938 Dei
1295 1895 1526 1953 revelantis,
1553 1911 1693 1956 neque

270 1986 319 2012 ex
354 1982 468 2027 parte
500 1970 675 2012 hominis
707 1970 934 2026 accipientis
967 1967 1265 2023 revelationem,
1298 1982 1436 2025 neque
1470 1983 1525 2011 ex
1573 1983 1693 2027 parte

267 2042 451 2083 vsrftextis
483 2040 739 2084 revelandae.
773 2040 906 2097 Atqui
942 2040 997 2082 ita
1030 2054 1094 2082 res
1128 2055 1171 2081 se
1207 2038 1344 2081 habet.
1389 2039 1504 2096 Ergo
1548 2040 1693 2085 divina

268 2112 467 2155 revelatio
502 2111 751 2155 immediata
784 2124 848 2154 est
881 2111 1111 2169 possibilis.

388 2184 530 2226 Maior
563 2195 699 2241 patet:
735 2185 776 2225 in
811 2182 1070 2226 revelatione
1121 2183 1236 2226 enim
1286 2182 1534 2227 immediata
1581 2199 1690 2228 con-
1734 2207 1737 2212 ⁸

267 2268 456 2311 currunt,
489 2256 607 2297 Deus
642 2256 716 2312 qui
751 2254 920 2311 revelat,
955 2254 1090 2297 homo
1119 2255 1185 2297 cui
1208 2253 1255 2297 fit
1288 2253 1507 2310 revelatio,
1533 2256 1689 2298 veritas
1733 2272 1735 2274 ·

267 2340 373 2382 quae
408 2324 632 2368 revelatur.
667 2350 724 2358 —-
756 2325 899 2369 Minor
934 2337 1077 2368 autem
1111 2325 1170 2367 sic
1200 2337 1342 2382 potest
1376 2324 1577 2384 declarari
1612 2341 1691 2384 per

265 2409 419 2452 partes.

357 2565 411 2610 (1)
440 2564 498 2600 Cf.
530 2576 554 2599 S.
584 2564 759 2611 Thomas,
795 2577 821 2601 1.
848 2578 880 2612 p.
909 2578 942 2612 q.
978 2576 1054 2610 107.
1083 2577 1117 2601 a.
1151 2576 1179 2600 1.
1208 2564 1294 2601 coll.
1327 2577 1410 2600 cum
1440 2577 1473 2612 q.
1507 2574 1559 2609 13.
1589 2577 1621 2602 a.
1656 2575 1685 2600 1.

261 2624 352 2659 Item
380 2624 427 2660 cf.
457 2625 500 2660 de
527 2626 644 2671 Lugo,
675 2626 717 2660 de
745 2626 813 2660 fide
840 2626 875 2660 d.
910 2637 937 2660 1.
969 2634 1058 2660 sect.
1094 2636 1146 2661 10.
1175 2637 1277 2660 num.
1311 2635 1386 2671 197.
