<?xml version="1.0" encoding="UTF-8"?>
<!DOCTYPE html PUBLIC "-//W3C//DTD XHTML 1.0 Transitional//EN"
    "http://www.w3.org/TR/xhtml1/DTD/xhtml1-transitional.dtd">
<html xmlns="http://www.w3.org/1999/xhtml" xml:lang="en" lang="en">
 <head>
  <title>
</title>
<meta http-equiv="Content-Type" content="text/html;charset=utf-8" />
  <meta name='ocr-system' content='tesseract 3.04.00' />
  <meta name='ocr-capabilities' content='ocr_page ocr_carea ocr_par ocr_line ocrx_word'/>
</head>
<body>
  <div class='ocr_page' id='page_1' title='image "./institutionesphi02ferr_0384.png"; bbox 0 0 1737 2802; ppageno 0'>
   <div class='ocr_carea' id='block_1_1' title="bbox 206 205 1637 565">
    <p class='ocr_par' dir='ltr' id='par_1_1' title="bbox 206 205 1637 565">
     <span class='ocr_line' id='line_1_1' title="bbox 206 205 1637 266; baseline -0.003 -12"><span class='ocrx_word' id='word_1_1' title='bbox 206 210 383 254; x_wconf 87' lang='lat' dir='ltr'>Thesis</span> <span class='ocrx_word' id='word_1_2' title='bbox 418 210 469 252; x_wconf 92' lang='lat' dir='ltr'>II.</span> <span class='ocrx_word' id='word_1_3' title='bbox 503 234 562 240; x_wconf 90' lang='lat'>—</span> <span class='ocrx_word' id='word_1_4' title='bbox 595 208 842 266; x_wconf 71' lang='lat' dir='ltr'><em>Praecipuae</em></span> <span class='ocrx_word' id='word_1_5' title='bbox 876 209 977 251; x_wconf 78' lang='lat' dir='ltr'>iuris</span> <span class='ocrx_word' id='word_1_6' title='bbox 1011 207 1230 250; x_wconf 78' lang='lat' dir='ltr'>divisiones</span> <span class='ocrx_word' id='word_1_7' title='bbox 1275 205 1516 250; x_wconf 82' lang='lat' dir='ltr'>traduntur.</span> <span class='ocrx_word' id='word_1_8' title='bbox 1579 218 1637 263; x_wconf 70' lang='lat'>23</span> 
     </span>
     <span class='ocr_line' id='line_1_2' title="bbox 300 277 1514 324; baseline -0.002 -9"><span class='ocrx_word' id='word_1_9' title='bbox 300 283 331 317; x_wconf 70' lang='lat'>8.</span> <span class='ocrx_word' id='word_1_10' title='bbox 359 282 602 317; x_wconf 82' lang='lat' dir='ltr'>Declaratio.</span> <span class='ocrx_word' id='word_1_11' title='bbox 632 301 674 307; x_wconf 94' lang='lat'>—</span> <span class='ocrx_word' id='word_1_12' title='bbox 706 292 733 315; x_wconf 91' lang='lat'>1.</span> <span class='ocrx_word' id='word_1_13' title='bbox 762 280 819 313; x_wconf 85' lang='lat' dir='ltr'>Ius</span> <span class='ocrx_word' id='word_1_14' title='bbox 846 288 1035 324; x_wconf 84' lang='lat' dir='ltr'>acceptum</span> <span class='ocrx_word' id='word_1_15' title='bbox 1065 291 1131 324; x_wconf 93' lang='lat' dir='ltr'>pro</span> <span class='ocrx_word' id='word_1_16' title='bbox 1160 279 1242 324; x_wconf 85' lang='lat' dir='ltr'>lege</span> <span class='ocrx_word' id='word_1_17' title='bbox 1282 277 1452 313; x_wconf 88' lang='lat' dir='ltr'>dividitur</span> <span class='ocrx_word' id='word_1_18' title='bbox 1477 278 1514 312; x_wconf 88' lang='lat' dir='ltr'>in</span> 
     </span>
     <span class='ocr_line' id='line_1_3' title="bbox 396 337 1516 387; baseline -0.002 -13"><span class='ocrx_word' id='word_1_19' title='bbox 396 360 438 366; x_wconf 92' lang='lat'>—</span> <span class='ocrx_word' id='word_1_20' title='bbox 467 339 630 374; x_wconf 83' lang='lat' dir='ltr'>naturale</span> <span class='ocrx_word' id='word_1_21' title='bbox 657 349 690 374; x_wconf 84' lang='lat' dir='ltr'>et</span> <span class='ocrx_word' id='word_1_22' title='bbox 718 340 912 386; x_wconf 82' lang='lat' dir='ltr'>positivum</span> <span class='ocrx_word' id='word_1_23' title='bbox 933 359 976 364; x_wconf 97' lang='lat'><strong>—</strong></span> <span class='ocrx_word' id='word_1_24' title='bbox 995 339 1160 387; x_wconf 79' lang='lat' dir='ltr'>divinum</span> <span class='ocrx_word' id='word_1_25' title='bbox 1186 347 1220 372; x_wconf 92' lang='lat' dir='ltr'>et</span> <span class='ocrx_word' id='word_1_26' title='bbox 1246 337 1447 372; x_wconf 89' lang='lat' dir='ltr'>humanum</span> <span class='ocrx_word' id='word_1_27' title='bbox 1494 357 1516 362; x_wconf 82' lang='lat'>-</span> 
     </span>
     <span class='ocr_line' id='line_1_4' title="bbox 393 398 1521 445; baseline -0.001 -11"><span class='ocrx_word' id='word_1_28' title='bbox 393 400 677 435; x_wconf 74' lang='lat' dir='ltr'>ecclesiasticum</span> <span class='ocrx_word' id='word_1_29' title='bbox 705 409 738 434; x_wconf 87' lang='lat' dir='ltr'>et</span> <span class='ocrx_word' id='word_1_30' title='bbox 766 399 883 434; x_wconf 86' lang='lat' dir='ltr'>civile.</span> <span class='ocrx_word' id='word_1_31' title='bbox 913 399 1086 445; x_wconf 52' lang='lat' dir='ltr'>—gQuid</span> <span class='ocrx_word' id='word_1_32' title='bbox 1116 399 1160 432; x_wconf 88' lang='lat' dir='ltr'>sit</span> <span class='ocrx_word' id='word_1_33' title='bbox 1186 399 1240 432; x_wconf 89' lang='lat' dir='ltr'>ius</span> <span class='ocrx_word' id='word_1_34' title='bbox 1267 398 1429 434; x_wconf 83' lang='lat' dir='ltr'>naturale</span> <span class='ocrx_word' id='word_1_35' title='bbox 1463 409 1521 433; x_wconf 89' lang='lat' dir='ltr'>se-</span> 
     </span>
     <span class='ocr_line' id='line_1_5' title="bbox 393 451 1523 503; baseline -0.002 -10"><span class='ocrx_word' id='word_1_36' title='bbox 393 460 550 493; x_wconf 88' lang='lat' dir='ltr'>cundum</span> <span class='ocrx_word' id='word_1_37' title='bbox 580 459 739 493; x_wconf 85' lang='lat' dir='ltr'>luristas.</span> <span class='ocrx_word' id='word_1_38' title='bbox 756 478 802 483; x_wconf 93' lang='lat'><em>-</em></span> <span class='ocrx_word' id='word_1_39' title='bbox 820 457 1035 503; x_wconf 87' lang='lat' dir='ltr'>Quotuplici</span> <span class='ocrx_word' id='word_1_40' title='bbox 1062 451 1174 492; x_wconf 77' lang='lat' dir='ltr'>modo</span> <span class='ocrx_word' id='word_1_41' title='bbox 1202 457 1257 491; x_wconf 88' lang='lat' dir='ltr'>ius</span> <span class='ocrx_word' id='word_1_42' title='bbox 1285 457 1391 492; x_wconf 85' lang='lat' dir='ltr'>civile</span> <span class='ocrx_word' id='word_1_43' title='bbox 1417 467 1523 492; x_wconf 81' lang='lat' dir='ltr'>usur-</span> 
     </span>
     <span class='ocr_line' id='line_1_6' title="bbox 395 516 1546 565; baseline -0.005 -12"><span class='ocrx_word' id='word_1_44' title='bbox 395 520 472 565; x_wconf 84' lang='lat' dir='ltr'>pari</span> <span class='ocrx_word' id='word_1_45' title='bbox 500 518 626 553; x_wconf 81' lang='lat' dir='ltr'>soleat.</span> <span class='ocrx_word' id='word_1_46' title='bbox 657 539 697 543; x_wconf 88' lang='lat'>-—</span> <span class='ocrx_word' id='word_1_47' title='bbox 730 529 763 552; x_wconf 84' lang='lat'>2.</span> <span class='ocrx_word' id='word_1_48' title='bbox 792 518 848 552; x_wconf 87' lang='lat' dir='ltr'>Ius</span> <span class='ocrx_word' id='word_1_49' title='bbox 875 527 1060 564; x_wconf 86' lang='lat' dir='ltr'>acceptum</span> <span class='ocrx_word' id='word_1_50' title='bbox 1090 529 1152 562; x_wconf 88' lang='lat' dir='ltr'>pro</span> <span class='ocrx_word' id='word_1_51' title='bbox 1172 517 1275 551; x_wconf 55' lang='lat' dir='ltr'>,iusto</span> <span class='ocrx_word' id='word_1_52' title='bbox 1295 516 1467 565; x_wconf 68' lang='lat' dir='ltr'>dividitur</span> <span class='ocrx_word' id='word_1_53' title='bbox 1485 517 1546 550; x_wconf 47' lang='lat' dir='ltr'>inm</span> 
     </span>
    </p>
   </div>
   <div class='ocr_carea' id='block_1_2' title="bbox 298 572 1650 1459">
    <p class='ocr_par' dir='ltr' id='par_1_2' title="bbox 298 572 1650 1459">
     <span class='ocr_line' id='line_1_7' title="bbox 397 572 1524 623; baseline -0.003 -11"><span class='ocrx_word' id='word_1_54' title='bbox 397 600 433 604; x_wconf 93' lang='lat'><strong>—</strong></span> <span class='ocrx_word' id='word_1_55' title='bbox 460 579 595 612; x_wconf 87' lang='lat' dir='ltr'>iustum</span> <span class='ocrx_word' id='word_1_56' title='bbox 624 577 835 623; x_wconf 81' lang='lat' dir='ltr'>simpliciter</span> <span class='ocrx_word' id='word_1_57' title='bbox 862 586 895 611; x_wconf 88' lang='lat' dir='ltr'>et</span> <span class='ocrx_word' id='word_1_58' title='bbox 924 578 1056 611; x_wconf 78' lang='lat' dir='ltr'>iustum</span> <span class='ocrx_word' id='word_1_59' title='bbox 1083 572 1282 610; x_wconf 83' lang='lat' dir='ltr'>secundum</span> <span class='ocrx_word' id='word_1_60' title='bbox 1303 574 1524 610; x_wconf 82' lang='lat' dir='ltr'>similitudi-</span> 
     </span>
     <span class='ocr_line' id='line_1_8' title="bbox 395 634 1520 682; baseline -0.003 -11"><span class='ocrx_word' id='word_1_61' title='bbox 395 649 479 672; x_wconf 88' lang='lat' dir='ltr'>nem</span> <span class='ocrx_word' id='word_1_62' title='bbox 508 656 552 663; x_wconf 90' lang='lat'>—-</span> <span class='ocrx_word' id='word_1_63' title='bbox 581 638 713 671; x_wconf 88' lang='lat' dir='ltr'>iustum</span> <span class='ocrx_word' id='word_1_64' title='bbox 743 648 804 682; x_wconf 84' lang='lat' dir='ltr'>per</span> <span class='ocrx_word' id='word_1_65' title='bbox 824 636 1077 682; x_wconf 84' lang='lat' dir='ltr'>aequalitatem</span> <span class='ocrx_word' id='word_1_66' title='bbox 1099 635 1363 670; x_wconf 71' lang='lat' dir='ltr'>arithmeticam</span> <span class='ocrx_word' id='word_1_67' title='bbox 1385 644 1420 670; x_wconf 90' lang='lat' dir='ltr'>et</span> <span class='ocrx_word' id='word_1_68' title='bbox 1445 634 1520 669; x_wconf 82' lang='lat' dir='ltr'>ius-</span> 
     </span>
     <span class='ocr_line' id='line_1_9' title="bbox 394 693 1523 742; baseline -0.004 -10"><span class='ocrx_word' id='word_1_69' title='bbox 394 708 472 733; x_wconf 87' lang='lat' dir='ltr'>tum</span> <span class='ocrx_word' id='word_1_70' title='bbox 500 708 562 742; x_wconf 91' lang='lat' dir='ltr'>per</span> <span class='ocrx_word' id='word_1_71' title='bbox 589 695 844 742; x_wconf 85' lang='lat' dir='ltr'>aequalitatem</span> <span class='ocrx_word' id='word_1_72' title='bbox 885 694 1238 740; x_wconf 78' lang='lat' dir='ltr'>proportionalitatis</span> <span class='ocrx_word' id='word_1_73' title='bbox 1277 693 1523 741; x_wconf 86' lang='lat' dir='ltr'>geometricae</span> 
     </span>
     <span class='ocr_line' id='line_1_10' title="bbox 395 754 1528 799; baseline -0.001 -10"><span class='ocrx_word' id='word_1_74' title='bbox 395 777 440 784; x_wconf 92' lang='lat'><strong>—</strong></span> <span class='ocrx_word' id='word_1_75' title='bbox 468 757 600 791; x_wconf 86' lang='lat' dir='ltr'>iustum</span> <span class='ocrx_word' id='word_1_76' title='bbox 629 755 792 790; x_wconf 78' lang='lat' dir='ltr'>naturale</span> <span class='ocrx_word' id='word_1_77' title='bbox 819 764 852 789; x_wconf 86' lang='lat' dir='ltr'>et</span> <span class='ocrx_word' id='word_1_78' title='bbox 880 756 1013 789; x_wconf 83' lang='lat' dir='ltr'>iustum</span> <span class='ocrx_word' id='word_1_79' title='bbox 1042 767 1083 789; x_wconf 78' lang='lat' dir='ltr'>ex</span> <span class='ocrx_word' id='word_1_80' title='bbox 1120 754 1304 788; x_wconf 87' lang='lat' dir='ltr'>condicto.</span> <span class='ocrx_word' id='word_1_81' title='bbox 1331 773 1376 780; x_wconf 92' lang='lat'><strong>—</strong></span> <span class='ocrx_word' id='word_1_82' title='bbox 1406 764 1436 799; x_wconf 85' lang='lat'>3.</span> <span class='ocrx_word' id='word_1_83' title='bbox 1464 754 1528 788; x_wconf 28' lang='lat' dir='ltr'>Iusv</span> 
     </span>
     <span class='ocr_line' id='line_1_11' title="bbox 395 815 1526 863; baseline -0.003 -11"><span class='ocrx_word' id='word_1_84' title='bbox 395 826 583 863; x_wconf 86' lang='lat' dir='ltr'>acceptum</span> <span class='ocrx_word' id='word_1_85' title='bbox 611 827 674 862; x_wconf 88' lang='lat' dir='ltr'>pro</span> <span class='ocrx_word' id='word_1_86' title='bbox 702 825 881 861; x_wconf 83' lang='lat' dir='ltr'>potestate</span> <span class='ocrx_word' id='word_1_87' title='bbox 909 815 1073 861; x_wconf 80' lang='lat' dir='ltr'>legitima</span> <span class='ocrx_word' id='word_1_88' title='bbox 1099 815 1270 849; x_wconf 86' lang='lat' dir='ltr'>dividitur</span> <span class='ocrx_word' id='word_1_89' title='bbox 1287 834 1331 841; x_wconf 94' lang='lat'><strong>—</strong></span> <span class='ocrx_word' id='word_1_90' title='bbox 1357 823 1526 861; x_wconf 84' lang='lat' dir='ltr'>spectato·</span> 
     </span>
     <span class='ocr_line' id='line_1_12' title="bbox 396 875 1521 923; baseline -0.002 -12"><span class='ocrx_word' id='word_1_91' title='bbox 396 877 587 923; x_wconf 84' lang='lat' dir='ltr'>principio,</span> <span class='ocrx_word' id='word_1_92' title='bbox 614 877 648 909; x_wconf 86' lang='lat' dir='ltr'>in</span> <span class='ocrx_word' id='word_1_93' title='bbox 678 875 840 909; x_wconf 78' lang='lat' dir='ltr'>naturale</span> <span class='ocrx_word' id='word_1_94' title='bbox 880 884 913 910; x_wconf 83' lang='lat' dir='ltr'>et</span> <span class='ocrx_word' id='word_1_95' title='bbox 943 875 1138 920; x_wconf 84' lang='lat' dir='ltr'>positivum</span> <span class='ocrx_word' id='word_1_96' title='bbox 1172 896 1210 900; x_wconf 89' lang='lat'>—</span> <span class='ocrx_word' id='word_1_97' title='bbox 1240 884 1400 921; x_wconf 83' lang='lat' dir='ltr'>spectata</span> <span class='ocrx_word' id='word_1_98' title='bbox 1438 886 1521 909; x_wconf 90' lang='lat' dir='ltr'>ma-</span> 
     </span>
     <span class='ocr_line' id='line_1_13' title="bbox 396 935 1524 980; baseline -0.003 -9"><span class='ocrx_word' id='word_1_99' title='bbox 396 937 497 980; x_wconf 83' lang='lat' dir='ltr'>teria,</span> <span class='ocrx_word' id='word_1_100' title='bbox 526 937 560 969; x_wconf 89' lang='lat' dir='ltr'>in</span> <span class='ocrx_word' id='word_1_101' title='bbox 589 936 641 970; x_wconf 87' lang='lat' dir='ltr'>ius</span> <span class='ocrx_word' id='word_1_102' title='bbox 661 935 918 969; x_wconf 87' lang='lat' dir='ltr'>iurisdictionis</span> <span class='ocrx_word' id='word_1_103' title='bbox 946 944 980 969; x_wconf 92' lang='lat' dir='ltr'>et</span> <span class='ocrx_word' id='word_1_104' title='bbox 998 935 1053 968; x_wconf 88' lang='lat' dir='ltr'>ius</span> <span class='ocrx_word' id='word_1_105' title='bbox 1080 935 1434 980; x_wconf 68' lang='lat' dir='ltr'>proprietatisz¹lioc</span> <span class='ocrx_word' id='word_1_106' title='bbox 1459 945 1524 968; x_wconf 90' lang='lat' dir='ltr'>au·</span> 
     </span>
     <span class='ocr_line' id='line_1_14' title="bbox 395 994 1524 1040; baseline -0.002 -10"><span class='ocrx_word' id='word_1_107' title='bbox 395 1005 469 1030; x_wconf 86' lang='lat' dir='ltr'>tem</span> <span class='ocrx_word' id='word_1_108' title='bbox 497 1006 615 1029; x_wconf 89' lang='lat' dir='ltr'>rursus</span> <span class='ocrx_word' id='word_1_109' title='bbox 643 994 874 1040; x_wconf 82' lang='lat' dir='ltr'>distinguitur</span> <span class='ocrx_word' id='word_1_110' title='bbox 901 995 935 1027; x_wconf 89' lang='lat' dir='ltr'>in</span> <span class='ocrx_word' id='word_1_111' title='bbox 962 994 1018 1027; x_wconf 88' lang='lat' dir='ltr'>ius</span> <span class='ocrx_word' id='word_1_112' title='bbox 1045 994 1089 1028; x_wconf 88' lang='lat' dir='ltr'>ad</span> <span class='ocrx_word' id='word_1_113' title='bbox 1113 1006 1189 1028; x_wconf 88' lang='lat' dir='ltr'>rem</span> <span class='ocrx_word' id='word_1_114' title='bbox 1216 1003 1250 1029; x_wconf 95' lang='lat' dir='ltr'>et</span> <span class='ocrx_word' id='word_1_115' title='bbox 1278 995 1332 1028; x_wconf 87' lang='lat' dir='ltr'>ius</span> <span class='ocrx_word' id='word_1_116' title='bbox 1359 995 1394 1028; x_wconf 90' lang='lat' dir='ltr'>in</span> <span class='ocrx_word' id='word_1_117' title='bbox 1415 1005 1452 1028; x_wconf 90' lang='lat' dir='ltr'>re</span> <span class='ocrx_word' id='word_1_118' title='bbox 1476 1013 1524 1020; x_wconf 97' lang='lat'><strong>—</strong></span> 
     </span>
     <span class='ocr_line' id='line_1_15' title="bbox 398 1053 1522 1101; baseline -0.002 -12"><span class='ocrx_word' id='word_1_119' title='bbox 398 1065 561 1101; x_wconf 73' lang='lat' dir='ltr'>spectato</span> <span class='ocrx_word' id='word_1_120' title='bbox 588 1055 695 1089; x_wconf 90' lang='lat' dir='ltr'>titulo</span> <span class='ocrx_word' id='word_1_121' title='bbox 723 1054 760 1088; x_wconf 88' lang='lat' dir='ltr'>in</span> <span class='ocrx_word' id='word_1_122' title='bbox 799 1055 1040 1100; x_wconf 86' lang='lat' dir='ltr'>congenitum</span> <span class='ocrx_word' id='word_1_123' title='bbox 1082 1062 1116 1088; x_wconf 92' lang='lat' dir='ltr'>et</span> <span class='ocrx_word' id='word_1_124' title='bbox 1154 1053 1384 1100; x_wconf 81' lang='lat' dir='ltr'>acquisitum:</span> <span class='ocrx_word' id='word_1_125' title='bbox 1425 1053 1522 1100; x_wconf 91' lang='lat' dir='ltr'>quod</span> 
     </span>
     <span class='ocr_line' id='line_1_16' title="bbox 397 1106 1524 1160; baseline -0.001 -11"><span class='ocrx_word' id='word_1_126' title='bbox 397 1126 518 1149; x_wconf 84' lang='lat' dir='ltr'>rursus</span> <span class='ocrx_word' id='word_1_127' title='bbox 545 1123 598 1149; x_wconf 86' lang='lat' dir='ltr'>est</span> <span class='ocrx_word' id='word_1_128' title='bbox 624 1114 679 1148; x_wconf 84' lang='lat' dir='ltr'>vel</span> <span class='ocrx_word' id='word_1_129' title='bbox 707 1114 902 1148; x_wconf 88' lang='lat' dir='ltr'>alienabile</span> <span class='ocrx_word' id='word_1_130' title='bbox 927 1114 985 1148; x_wconf 89' lang='lat' dir='ltr'>vel</span> <span class='ocrx_word' id='word_1_131' title='bbox 1024 1106 1272 1156; x_wconf 70' lang='lat' dir='ltr'>inalienabile,</span> <span class='ocrx_word' id='word_1_132' title='bbox 1296 1112 1353 1148; x_wconf 93' lang='lat' dir='ltr'>vel</span> <span class='ocrx_word' id='word_1_133' title='bbox 1381 1113 1524 1160; x_wconf 79' lang='lat' dir='ltr'>obliga—</span> 
     </span>
     <span class='ocr_line' id='line_1_17' title="bbox 396 1173 1525 1219; baseline -0.004 -9"><span class='ocrx_word' id='word_1_134' title='bbox 396 1176 479 1210; x_wconf 90' lang='lat' dir='ltr'>torii</span> <span class='ocrx_word' id='word_1_135' title='bbox 509 1175 667 1209; x_wconf 81' lang='lat' dir='ltr'>exercitii</span> <span class='ocrx_word' id='word_1_136' title='bbox 696 1175 753 1208; x_wconf 83' lang='lat' dir='ltr'>vel</span> <span class='ocrx_word' id='word_1_137' title='bbox 780 1175 880 1208; x_wconf 88' lang='lat' dir='ltr'>liberi</span> <span class='ocrx_word' id='word_1_138' title='bbox 908 1194 954 1200; x_wconf 92' lang='lat'>-—</span> <span class='ocrx_word' id='word_1_139' title='bbox 980 1183 1144 1219; x_wconf 84' lang='lat' dir='ltr'>spectato</span> <span class='ocrx_word' id='word_1_140' title='bbox 1171 1174 1354 1216; x_wconf 84' lang='lat' dir='ltr'>subiecto,</span> <span class='ocrx_word' id='word_1_141' title='bbox 1384 1174 1419 1207; x_wconf 90' lang='lat' dir='ltr'>in</span> <span class='ocrx_word' id='word_1_142' title='bbox 1448 1173 1525 1219; x_wconf 90' lang='lat' dir='ltr'>pri-</span> 
     </span>
     <span class='ocr_line' id='line_1_18' title="bbox 397 1232 1524 1279; baseline -0.002 -11"><span class='ocrx_word' id='word_1_143' title='bbox 397 1245 520 1270; x_wconf 80' lang='lat' dir='ltr'>vatum</span> <span class='ocrx_word' id='word_1_144' title='bbox 560 1246 623 1269; x_wconf 89' lang='lat' dir='ltr'>seu</span> <span class='ocrx_word' id='word_1_145' title='bbox 663 1233 884 1268; x_wconf 82' lang='lat' dir='ltr'>individuale</span> <span class='ocrx_word' id='word_1_146' title='bbox 926 1243 961 1268; x_wconf 87' lang='lat' dir='ltr'>et</span> <span class='ocrx_word' id='word_1_147' title='bbox 992 1232 1175 1279; x_wconf 88' lang='lat' dir='ltr'>publicum</span> <span class='ocrx_word' id='word_1_148' title='bbox 1215 1243 1277 1267; x_wconf 83' lang='lat' dir='ltr'>seu</span> <span class='ocrx_word' id='word_1_149' title='bbox 1319 1232 1453 1267; x_wconf 86' lang='lat' dir='ltr'>sociale</span> <span class='ocrx_word' id='word_1_150' title='bbox 1479 1251 1524 1260; x_wconf 84' lang='lat'><em>-</em></span> 
     </span>
     <span class='ocr_line' id='line_1_19' title="bbox 397 1286 1524 1340; baseline -0.003 -11"><span class='ocrx_word' id='word_1_151' title='bbox 397 1303 559 1340; x_wconf 86' lang='lat' dir='ltr'>spectato</span> <span class='ocrx_word' id='word_1_152' title='bbox 587 1294 757 1336; x_wconf 84' lang='lat' dir='ltr'>termino,</span> <span class='ocrx_word' id='word_1_153' title='bbox 776 1294 810 1326; x_wconf 87' lang='lat' dir='ltr'>in</span> <span class='ocrx_word' id='word_1_154' title='bbox 839 1292 926 1327; x_wconf 85' lang='lat' dir='ltr'>illud</span> <span class='ocrx_word' id='word_1_155' title='bbox 955 1294 1054 1326; x_wconf 88' lang='lat' dir='ltr'>cuius</span> <span class='ocrx_word' id='word_1_156' title='bbox 1081 1293 1259 1326; x_wconf 85' lang='lat' dir='ltr'>terminus</span> <span class='ocrx_word' id='word_1_157' title='bbox 1291 1289 1343 1328; x_wconf 81' lang='lat' dir='ltr'>est</span> <span class='ocrx_word' id='word_1_158' title='bbox 1369 1286 1524 1338; x_wconf 75' lang='lat' dir='ltr'>persona</span> 
     </span>
     <span class='ocr_line' id='line_1_20' title="bbox 396 1349 1650 1400; baseline -0.002 -12"><span class='ocrx_word' id='word_1_159' title='bbox 396 1354 544 1400; x_wconf 70' lang='lat' dir='ltr'>physica</span> <span class='ocrx_word' id='word_1_160' title='bbox 565 1362 598 1387; x_wconf 90' lang='lat' dir='ltr'>et</span> <span class='ocrx_word' id='word_1_161' title='bbox 617 1354 653 1387; x_wconf 92' lang='lat' dir='ltr'>in</span> <span class='ocrx_word' id='word_1_162' title='bbox 672 1352 759 1388; x_wconf 90' lang='lat' dir='ltr'>illud</span> <span class='ocrx_word' id='word_1_163' title='bbox 779 1353 880 1386; x_wconf 88' lang='lat' dir='ltr'>cuius</span> <span class='ocrx_word' id='word_1_164' title='bbox 908 1353 1086 1386; x_wconf 87' lang='lat' dir='ltr'>terminus</span> <span class='ocrx_word' id='word_1_165' title='bbox 1118 1362 1171 1387; x_wconf 91' lang='lat' dir='ltr'>est</span> <span class='ocrx_word' id='word_1_166' title='bbox 1191 1361 1347 1398; x_wconf 82' lang='lat' dir='ltr'>persona</span> <span class='ocrx_word' id='word_1_167' title='bbox 1365 1349 1550 1388; x_wconf 67' lang='lat' dir='ltr'>moralis:¹¹</span> <span class='ocrx_word' id='word_1_168' title='bbox 1571 1351 1650 1386; x_wconf 56' lang='lat' dir='ltr'>”ib‘</span> 
     </span>
     <span class='ocr_line' id='line_1_21' title="bbox 298 1411 1573 1459; baseline -0.002 -11"><span class='ocrx_word' id='word_1_169' title='bbox 298 1424 331 1459; x_wconf 87' lang='lat'>9.</span> <span class='ocrx_word' id='word_1_170' title='bbox 358 1414 568 1449; x_wconf 90' lang='lat' dir='ltr'>Scholion.</span> <span class='ocrx_word' id='word_1_171' title='bbox 596 1412 694 1453; x_wconf 86' lang='lat' dir='ltr'>Quid</span> <span class='ocrx_word' id='word_1_172' title='bbox 714 1413 756 1446; x_wconf 87' lang='lat' dir='ltr'>sit</span> <span class='ocrx_word' id='word_1_173' title='bbox 777 1412 916 1446; x_wconf 87' lang='lat' dir='ltr'>iniuria.</span> <span class='ocrx_word' id='word_1_174' title='bbox 936 1431 982 1438; x_wconf 88' lang='lat'>—-</span> <span class='ocrx_word' id='word_1_175' title='bbox 1001 1413 1056 1446; x_wconf 88' lang='lat' dir='ltr'>De</span> <span class='ocrx_word' id='word_1_176' title='bbox 1084 1412 1286 1457; x_wconf 87' lang='lat' dir='ltr'>praecipuis</span> <span class='ocrx_word' id='word_1_177' title='bbox 1305 1411 1517 1446; x_wconf 86' lang='lat' dir='ltr'>iniuriarum</span> <span class='ocrx_word' id='word_1_178' title='bbox 1570 1443 1573 1445; x_wconf 72' lang='grc'>,</span> 
     </span>
    </p>
   </div>
   <div class='ocr_carea' id='block_1_3' title="bbox 201 1469 1654 1777">
    <p class='ocr_par' dir='ltr' id='par_1_3' title="bbox 396 1469 1516 1517">
     <span class='ocr_line' id='line_1_22' title="bbox 396 1469 1516 1517; baseline -0.002 -11"><span class='ocrx_word' id='word_1_179' title='bbox 396 1472 646 1507; x_wconf 86' lang='lat' dir='ltr'>divisionibus.</span> <span class='ocrx_word' id='word_1_180' title='bbox 673 1491 717 1497; x_wconf 98' lang='lat'><strong>—</strong></span> <span class='ocrx_word' id='word_1_181' title='bbox 744 1471 785 1505; x_wconf 91' lang='lat' dir='ltr'>In</span> <span class='ocrx_word' id='word_1_182' title='bbox 812 1482 883 1517; x_wconf 91' lang='lat' dir='ltr'>quo</span> <span class='ocrx_word' id='word_1_183' title='bbox 911 1471 954 1506; x_wconf 89' lang='lat' dir='ltr'>ab</span> <span class='ocrx_word' id='word_1_184' title='bbox 983 1472 1110 1505; x_wconf 86' lang='lat' dir='ltr'>iniuria</span> <span class='ocrx_word' id='word_1_185' title='bbox 1136 1469 1304 1505; x_wconf 85' lang='lat' dir='ltr'>differant</span> <span class='ocrx_word' id='word_1_186' title='bbox 1322 1469 1516 1513; x_wconf 81' lang='lat' dir='ltr'>iniustitia,</span> 
     </span>
    </p>

    <p class='ocr_par' dir='ltr' id='par_1_4' title="bbox 394 1529 1521 1573">
     <span class='ocr_line' id='line_1_23' title="bbox 394 1529 1521 1573; baseline -0.002 -8"><span class='ocrx_word' id='word_1_187' title='bbox 394 1539 674 1573; x_wconf 84' lang='lat' dir='ltr'>nocumentum,</span> <span class='ocrx_word' id='word_1_188' title='bbox 704 1529 890 1571; x_wconf 84' lang='lat' dir='ltr'>damnum,</span> <span class='ocrx_word' id='word_1_189' title='bbox 918 1529 1070 1564; x_wconf 85' lang='lat' dir='ltr'>offensa.</span> <span class='ocrx_word' id='word_1_190' title='bbox 1086 1531 1207 1564; x_wconf 88' lang='lat' dir='ltr'>—De</span> <span class='ocrx_word' id='word_1_191' title='bbox 1235 1529 1358 1564; x_wconf 85' lang='lat' dir='ltr'>effato:</span> <span class='ocrx_word' id='word_1_192' title='bbox 1389 1529 1521 1564; x_wconf 81' lang='lat' dir='ltr'>scienti</span> 
     </span>
    </p>

    <p class='ocr_par' dir='ltr' id='par_1_5' title="bbox 201 1589 1640 1708">
     <span class='ocr_line' id='line_1_24' title="bbox 394 1589 1640 1637; baseline -0.002 -11"><span class='ocrx_word' id='word_1_193' title='bbox 394 1600 428 1626; x_wconf 91' lang='lat' dir='ltr'>et</span> <span class='ocrx_word' id='word_1_194' title='bbox 455 1591 593 1626; x_wconf 90' lang='lat' dir='ltr'>volenti</span> <span class='ocrx_word' id='word_1_195' title='bbox 622 1602 696 1625; x_wconf 91' lang='lat' dir='ltr'>non</span> <span class='ocrx_word' id='word_1_196' title='bbox 724 1591 762 1625; x_wconf 79' lang='lat' dir='ltr'>fit</span> <span class='ocrx_word' id='word_1_197' title='bbox 789 1589 978 1625; x_wconf 82' lang='lat' dir='ltr'>iniuria..</span> <span class='ocrx_word' id='word_1_198' title='bbox 1031 1616 1039 1624; x_wconf 93' lang='lat'><strong>.</strong></span> <span class='ocrx_word' id='word_1_199' title='bbox 1091 1609 1101 1624; x_wconf 65' lang='lat'>.›</span> <span class='ocrx_word' id='word_1_200' title='bbox 1151 1617 1159 1624; x_wconf 87' lang='lat'><strong>.</strong></span> <span class='ocrx_word' id='word_1_201' title='bbox 1209 1610 1227 1624; x_wconf 91' lang='lat'>.·</span> <span class='ocrx_word' id='word_1_202' title='bbox 1267 1614 1300 1626; x_wconf 57' lang='grc' dir='ltr'>,ι</span> <span class='ocrx_word' id='word_1_203' title='bbox 1388 1616 1398 1625; x_wconf 92' lang='grc'><strong>.</strong></span> <span class='ocrx_word' id='word_1_204' title='bbox 1449 1617 1458 1626; x_wconf 93' lang='grc'><em>.</em></span> <span class='ocrx_word' id='word_1_205' title='bbox 1505 1614 1516 1624; x_wconf 86' lang='grc'><strong>.</strong></span> <span class='ocrx_word' id='word_1_206' title='bbox 1592 1598 1640 1637; x_wconf 76' lang='grc'>39</span> 
     </span>
     <span class='ocr_line' id='line_1_25' title="bbox 201 1648 1527 1708; baseline -0.002 -13"><span class='ocrx_word' id='word_1_207' title='bbox 201 1652 468 1695; x_wconf 82' lang='lat' dir='ltr'><strong>ARTICULUS</strong></span> <span class='ocrx_word' id='word_1_208' title='bbox 501 1651 578 1696; x_wconf 90' lang='lat' dir='ltr'>III</span> <span class='ocrx_word' id='word_1_209' title='bbox 613 1676 670 1683; x_wconf 89' lang='lat'>—</span> <span class='ocrx_word' id='word_1_210' title='bbox 703 1652 766 1694; x_wconf 81' lang='lat' dir='ltr'>De</span> <span class='ocrx_word' id='word_1_211' title='bbox 798 1651 957 1692; x_wconf 76' lang='lat' dir='ltr'>notione</span> <span class='ocrx_word' id='word_1_212' title='bbox 989 1649 1106 1706; x_wconf 78' lang='lat' dir='ltr'>officii</span> <span class='ocrx_word' id='word_1_213' title='bbox 1136 1650 1297 1708; x_wconf 75' lang='lat' dir='ltr'>eiu-sque</span> <span class='ocrx_word' id='word_1_214' title='bbox 1340 1648 1527 1692; x_wconf 78' lang='lat' dir='ltr'>divisio-</span> 
     </span>
    </p>

    <p class='ocr_par' dir='ltr' id='par_1_6' title="bbox 381 1722 1654 1777">
     <span class='ocr_line' id='line_1_26' title="bbox 381 1722 1654 1777; baseline 0 -13"><span class='ocrx_word' id='word_1_215' title='bbox 381 1722 617 1767; x_wconf 78' lang='lat' dir='ltr'>nibus..</span> <span class='ocrx_word' id='word_1_216' title='bbox 1205 1755 1215 1766; x_wconf 92' lang='lat'><strong>.</strong></span> <span class='ocrx_word' id='word_1_217' title='bbox 1277 1757 1288 1767; x_wconf 89' lang='lat'><em>.</em></span> <span class='ocrx_word' id='word_1_218' title='bbox 1353 1750 1383 1766; x_wconf 88' lang='lat'>.-</span> <span class='ocrx_word' id='word_1_219' title='bbox 1427 1755 1438 1766; x_wconf 91' lang='lat'><strong>.</strong></span> <span class='ocrx_word' id='word_1_220' title='bbox 1503 1755 1512 1765; x_wconf 93' lang='lat'><strong>.</strong></span> <span class='ocrx_word' id='word_1_221' title='bbox 1575 1731 1654 1777; x_wconf 49' lang='lat'>422</span> 
     </span>
    </p>
   </div>
   <div class='ocr_carea' id='block_1_4' title="bbox 203 1793 1529 1852">
    <p class='ocr_par' dir='ltr' id='par_1_7' title="bbox 203 1793 1529 1852">
     <span class='ocr_line' id='line_1_27' title="bbox 203 1793 1529 1852; baseline -0.002 -14"><span class='ocrx_word' id='word_1_222' title='bbox 203 1796 587 1839; x_wconf 85' lang='lat' dir='ltr'>Thesis111.—</span> <span class='ocrx_word' id='word_1_223' title='bbox 627 1794 826 1837; x_wconf 76' lang='lat' dir='ltr'>Traditur</span> <span class='ocrx_word' id='word_1_224' title='bbox 872 1795 979 1836; x_wconf 79' lang='lat' dir='ltr'>notio</span> <span class='ocrx_word' id='word_1_225' title='bbox 1030 1793 1159 1851; x_wconf 82' lang='lat' dir='ltr'>officii,</span> <span class='ocrx_word' id='word_1_226' title='bbox 1207 1793 1529 1852; x_wconf 58' lang='lat' dir='ltr'>eiusque&#39;divi*</span> 
     </span>
    </p>
   </div>
   <div class='ocr_carea' id='block_1_5' title="bbox 304 1863 1653 2339">
    <p class='ocr_par' dir='ltr' id='par_1_8' title="bbox 304 1863 1652 1983">
     <span class='ocr_line' id='line_1_28' title="bbox 381 1863 1652 1924; baseline -0.001 -17"><span class='ocrx_word' id='word_1_227' title='bbox 381 1867 511 1908; x_wconf 81' lang='lat' dir='ltr'>siones</span> <span class='ocrx_word' id='word_1_228' title='bbox 544 1868 791 1924; x_wconf 79' lang='lat' dir='ltr'>praecipuae</span> <span class='ocrx_word' id='word_1_229' title='bbox 824 1876 1095 1908; x_wconf 58' lang='lat' dir='ltr'>incusentur.</span> <span class='ocrx_word' id='word_1_230' title='bbox 1146 1899 1154 1907; x_wconf 89' lang='lat'><strong><em>.</em></strong></span> <span class='ocrx_word' id='word_1_231' title='bbox 1219 1899 1228 1909; x_wconf 90' lang='lat'>.</span> <span class='ocrx_word' id='word_1_232' title='bbox 1295 1898 1306 1909; x_wconf 86' lang='lat'><strong>.</strong></span> <span class='ocrx_word' id='word_1_233' title='bbox 1371 1900 1380 1908; x_wconf 92' lang='lat'>.</span> <span class='ocrx_word' id='word_1_234' title='bbox 1416 1883 1420 1886; x_wconf 69' lang='grc'><strong>’</strong></span> <span class='ocrx_word' id='word_1_235' title='bbox 1445 1900 1455 1909; x_wconf 94' lang='grc'><strong>.</strong></span> <span class='ocrx_word' id='word_1_236' title='bbox 1519 1899 1529 1908; x_wconf 94' lang='grc'><strong><em>.</em></strong></span> <span class='ocrx_word' id='word_1_237' title='bbox 1593 1863 1652 1907; x_wconf 81' lang='lat' dir='ltr'>ib.</span> 
     </span>
     <span class='ocr_line' id='line_1_29' title="bbox 304 1935 1531 1983; baseline -0.002 -12"><span class='ocrx_word' id='word_1_238' title='bbox 304 1947 356 1971; x_wconf 93' lang='lat'>10.</span> <span class='ocrx_word' id='word_1_239' title='bbox 383 1938 628 1973; x_wconf 83' lang='lat' dir='ltr'>Declaratio.</span> <span class='ocrx_word' id='word_1_240' title='bbox 654 1957 684 1963; x_wconf 89' lang='lat'>-</span> <span class='ocrx_word' id='word_1_241' title='bbox 734 1948 760 1972; x_wconf 90' lang='lat'>1.</span> <span class='ocrx_word' id='word_1_242' title='bbox 788 1937 947 1983; x_wconf 82' lang='lat' dir='ltr'>Etymon</span> <span class='ocrx_word' id='word_1_243' title='bbox 982 1937 1094 1980; x_wconf 88' lang='lat' dir='ltr'>vocis,</span> <span class='ocrx_word' id='word_1_244' title='bbox 1121 1937 1306 1972; x_wconf 85' lang='lat' dir='ltr'>officium.</span> <span class='ocrx_word' id='word_1_245' title='bbox 1333 1956 1379 1964; x_wconf 90' lang='lat'><strong>—</strong></span> <span class='ocrx_word' id='word_1_246' title='bbox 1407 1935 1531 1973; x_wconf 79' lang='lat' dir='ltr'>Officii</span> 
     </span>
    </p>

    <p class='ocr_par' dir='ltr' id='par_1_9' title="bbox 398 1995 1532 2032">
     <span class='ocr_line' id='line_1_30' title="bbox 398 1995 1532 2032; baseline 0 -2"><span class='ocrx_word' id='word_1_247' title='bbox 398 1996 572 2031; x_wconf 84' lang='lat' dir='ltr'>definitio.</span> <span class='ocrx_word' id='word_1_248' title='bbox 599 2018 645 2024; x_wconf 91' lang='lat'>—-</span> <span class='ocrx_word' id='word_1_249' title='bbox 673 2008 703 2032; x_wconf 87' lang='lat'>2.</span> <span class='ocrx_word' id='word_1_250' title='bbox 731 1997 903 2032; x_wconf 84' lang='lat' dir='ltr'>Officium</span> <span class='ocrx_word' id='word_1_251' title='bbox 943 1997 1112 2030; x_wconf 88' lang='lat' dir='ltr'>dividitur</span> <span class='ocrx_word' id='word_1_252' title='bbox 1138 2016 1186 2031; x_wconf 27' lang='lat' dir='ltr'>—r</span> <span class='ocrx_word' id='word_1_253' title='bbox 1209 1997 1238 2031; x_wconf 90' lang='lat' dir='ltr'>si</span> <span class='ocrx_word' id='word_1_254' title='bbox 1277 1995 1532 2032; x_wconf 86' lang='lat' dir='ltr'>consideretur</span> 
     </span>
    </p>

    <p class='ocr_par' dir='ltr' id='par_1_10' title="bbox 399 2054 1524 2102">
     <span class='ocr_line' id='line_1_31' title="bbox 399 2054 1524 2102; baseline -0.002 -11"><span class='ocrx_word' id='word_1_255' title='bbox 399 2057 611 2100; x_wconf 85' lang='lat' dir='ltr'>radicaliter,</span> <span class='ocrx_word' id='word_1_256' title='bbox 639 2058 675 2091; x_wconf 90' lang='lat' dir='ltr'>in</span> <span class='ocrx_word' id='word_1_257' title='bbox 701 2057 864 2092; x_wconf 87' lang='lat' dir='ltr'>naturale</span> <span class='ocrx_word' id='word_1_258' title='bbox 890 2066 924 2091; x_wconf 92' lang='lat' dir='ltr'>et</span> <span class='ocrx_word' id='word_1_259' title='bbox 951 2056 1149 2102; x_wconf 87' lang='lat' dir='ltr'>positivum</span> <span class='ocrx_word' id='word_1_260' title='bbox 1180 2076 1225 2082; x_wconf 98' lang='lat'><strong>—</strong></span> <span class='ocrx_word' id='word_1_261' title='bbox 1252 2056 1282 2090; x_wconf 91' lang='lat' dir='ltr'>si</span> <span class='ocrx_word' id='word_1_262' title='bbox 1307 2054 1524 2097; x_wconf 86' lang='lat' dir='ltr'>formaliter,</span> 
     </span>
    </p>

    <p class='ocr_par' dir='ltr' id='par_1_11' title="bbox 399 2115 1550 2164">
     <span class='ocr_line' id='line_1_32' title="bbox 399 2115 1550 2164; baseline -0.002 -13"><span class='ocrx_word' id='word_1_263' title='bbox 399 2118 434 2151; x_wconf 86' lang='lat' dir='ltr'>in</span> <span class='ocrx_word' id='word_1_264' title='bbox 472 2129 559 2164; x_wconf 85' lang='lat' dir='ltr'>pure</span> <span class='ocrx_word' id='word_1_265' title='bbox 598 2117 738 2152; x_wconf 81' lang='lat' dir='ltr'>morale</span> <span class='ocrx_word' id='word_1_266' title='bbox 777 2126 811 2152; x_wconf 93' lang='lat' dir='ltr'>et</span> <span class='ocrx_word' id='word_1_267' title='bbox 849 2116 1039 2150; x_wconf 88' lang='lat' dir='ltr'>iuridicum</span> <span class='ocrx_word' id='word_1_268' title='bbox 1067 2135 1112 2142; x_wconf 92' lang='lat'>—</span> <span class='ocrx_word' id='word_1_269' title='bbox 1137 2116 1166 2150; x_wconf 90' lang='lat' dir='ltr'>si</span> <span class='ocrx_word' id='word_1_270' title='bbox 1207 2115 1454 2160; x_wconf 83' lang='lat' dir='ltr'>materialiter,</span> <span class='ocrx_word' id='word_1_271' title='bbox 1488 2115 1550 2149; x_wconf 53' lang='lat' dir='ltr'>in*</span> 
     </span>
    </p>

    <p class='ocr_par' dir='ltr' id='par_1_12' title="bbox 402 2174 1529 2223">
     <span class='ocr_line' id='line_1_33' title="bbox 402 2174 1529 2223; baseline -0.003 -12"><span class='ocrx_word' id='word_1_272' title='bbox 402 2177 658 2211; x_wconf 85' lang='lat' dir='ltr'>affirmativum</span> <span class='ocrx_word' id='word_1_273' title='bbox 685 2186 719 2212; x_wconf 89' lang='lat' dir='ltr'>et</span> <span class='ocrx_word' id='word_1_274' title='bbox 745 2176 956 2223; x_wconf 83' lang='lat' dir='ltr'>negativum</span> <span class='ocrx_word' id='word_1_275' title='bbox 984 2196 1027 2200; x_wconf 96' lang='lat'><strong>—</strong></span> <span class='ocrx_word' id='word_1_276' title='bbox 1055 2176 1085 2209; x_wconf 94' lang='lat' dir='ltr'>si</span> <span class='ocrx_word' id='word_1_277' title='bbox 1111 2174 1280 2217; x_wconf 64' lang='lat' dir='ltr'>relative,</span> <span class='ocrx_word' id='word_1_278' title='bbox 1300 2175 1336 2209; x_wconf 87' lang='lat' dir='ltr'>in</span> <span class='ocrx_word' id='word_1_279' title='bbox 1365 2174 1529 2209; x_wconf 85' lang='lat' dir='ltr'>officium</span> 
     </span>
    </p>

    <p class='ocr_par' dir='ltr' id='par_1_13' title="bbox 312 2232 1653 2339">
     <span class='ocr_line' id='line_1_34' title="bbox 399 2232 1653 2283; baseline -0.004 -12"><span class='ocrx_word' id='word_1_280' title='bbox 399 2248 484 2283; x_wconf 87' lang='lat' dir='ltr'>erga</span> <span class='ocrx_word' id='word_1_281' title='bbox 510 2237 640 2280; x_wconf 88' lang='lat' dir='ltr'>Deum,</span> <span class='ocrx_word' id='word_1_282' title='bbox 667 2247 751 2282; x_wconf 89' lang='lat' dir='ltr'>erga</span> <span class='ocrx_word' id='word_1_283' title='bbox 771 2235 1031 2280; x_wconf 86' lang='lat' dir='ltr'>nosmetipsos,</span> <span class='ocrx_word' id='word_1_284' title='bbox 1050 2245 1133 2280; x_wconf 87' lang='lat' dir='ltr'>erga</span> <span class='ocrx_word' id='word_1_285' title='bbox 1158 2233 1251 2269; x_wconf 89' lang='lat' dir='ltr'>alios</span> <span class='ocrx_word' id='word_1_286' title='bbox 1276 2233 1462 2270; x_wconf 84' lang='lat' dir='ltr'>homines.</span> <span class='ocrx_word' id='word_1_287' title='bbox 1513 2259 1524 2268; x_wconf 91' lang='lat'><strong>.</strong></span> <span class='ocrx_word' id='word_1_288' title='bbox 1597 2232 1653 2267; x_wconf 88' lang='lat' dir='ltr'>ib—</span> 
     </span>
     <span class='ocr_line' id='line_1_35' title="bbox 312 2292 1528 2339; baseline -0.002 -10"><span class='ocrx_word' id='word_1_289' title='bbox 312 2306 362 2331; x_wconf 92' lang='lat'>11.</span> <span class='ocrx_word' id='word_1_290' title='bbox 390 2297 602 2332; x_wconf 90' lang='lat' dir='ltr'>Scholion.</span> <span class='ocrx_word' id='word_1_291' title='bbox 621 2317 667 2322; x_wconf 94' lang='lat'><strong>—</strong></span> <span class='ocrx_word' id='word_1_292' title='bbox 685 2297 742 2330; x_wconf 90' lang='lat' dir='ltr'>An</span> <span class='ocrx_word' id='word_1_293' title='bbox 770 2295 898 2330; x_wconf 89' lang='lat' dir='ltr'>dentur</span> <span class='ocrx_word' id='word_1_294' title='bbox 923 2294 1042 2329; x_wconf 86' lang='lat' dir='ltr'>officia</span> <span class='ocrx_word' id='word_1_295' title='bbox 1061 2302 1122 2328; x_wconf 92' lang='lat' dir='ltr'>aut</span> <span class='ocrx_word' id='word_1_296' title='bbox 1149 2293 1226 2328; x_wconf 88' lang='lat' dir='ltr'>iura</span> <span class='ocrx_word' id='word_1_297' title='bbox 1252 2292 1417 2328; x_wconf 88' lang='lat' dir='ltr'>hominis</span> <span class='ocrx_word' id='word_1_298' title='bbox 1443 2303 1528 2339; x_wconf 88' lang='lat' dir='ltr'>erga</span> 
     </span>
    </p>
   </div>
   <div class='ocr_carea' id='block_1_6' title="bbox 217 2356 1654 2543">
    <p class='ocr_par' dir='ltr' id='par_1_14' title="bbox 217 2356 1654 2543">
     <span class='ocr_line' id='line_1_36' title="bbox 408 2356 1654 2396; baseline -0.002 -7"><span class='ocrx_word' id='word_1_299' title='bbox 408 2356 510 2390; x_wconf 83' lang='lat' dir='ltr'>bruta</span> <span class='ocrx_word' id='word_1_300' title='bbox 515 2378 1532 2391; x_wconf 90' lang='grc'><strong>..................</strong></span> <span class='ocrx_word' id='word_1_301' title='bbox 1603 2359 1654 2396; x_wconf 85' lang='grc'>49</span> 
     </span>
     <span class='ocr_line' id='line_1_37' title="bbox 219 2411 1648 2471; baseline -0.002 -13"><span class='ocrx_word' id='word_1_302' title='bbox 219 2419 485 2460; x_wconf 69' lang='lat' dir='ltr'>ARTICULus</span> <span class='ocrx_word' id='word_1_303' title='bbox 519 2416 593 2458; x_wconf 80' lang='lat' dir='ltr'>IV.</span> <span class='ocrx_word' id='word_1_304' title='bbox 630 2441 681 2447; x_wconf 92' lang='lat'>—</span> <span class='ocrx_word' id='word_1_305' title='bbox 720 2416 780 2458; x_wconf 70' lang='lat' dir='ltr'>De</span> <span class='ocrx_word' id='word_1_306' title='bbox 815 2415 964 2471; x_wconf 75' lang='lat' dir='ltr'>origine</span> <span class='ocrx_word' id='word_1_307' title='bbox 1000 2413 1104 2456; x_wconf 86' lang='lat' dir='ltr'>iuris</span> <span class='ocrx_word' id='word_1_308' title='bbox 1137 2421 1172 2454; x_wconf 85' lang='lat' dir='ltr'>et</span> <span class='ocrx_word' id='word_1_309' title='bbox 1204 2411 1331 2470; x_wconf 82' lang='lat' dir='ltr'>officii.</span> <span class='ocrx_word' id='word_1_310' title='bbox 1371 2447 1379 2456; x_wconf 95' lang='lat'>.</span> <span class='ocrx_word' id='word_1_311' title='bbox 1445 2445 1456 2456; x_wconf 89' lang='lat'>.</span> <span class='ocrx_word' id='word_1_312' title='bbox 1519 2445 1530 2455; x_wconf 91' lang='lat'><strong>.</strong></span> <span class='ocrx_word' id='word_1_313' title='bbox 1594 2423 1648 2465; x_wconf 82' lang='lat'>57</span> 
     </span>
     <span class='ocr_line' id='line_1_38' title="bbox 217 2482 1529 2543; baseline -0.003 -13"><span class='ocrx_word' id='word_1_314' title='bbox 217 2488 397 2531; x_wconf 87' lang='lat' dir='ltr'>Thesis</span> <span class='ocrx_word' id='word_1_315' title='bbox 430 2488 502 2529; x_wconf 65' lang='lat' dir='ltr'>IV.</span> <span class='ocrx_word' id='word_1_316' title='bbox 535 2513 591 2518; x_wconf 79' lang='lat'>—</span> <span class='ocrx_word' id='word_1_317' title='bbox 626 2488 868 2543; x_wconf 70' lang='lat' dir='ltr'>Assignamr</span> <span class='ocrx_word' id='word_1_318' title='bbox 905 2483 1391 2542; x_wconf 65' lang='lat' dir='ltr'>iuriurnufficiorumquc</span> <span class='ocrx_word' id='word_1_319' title='bbox 1427 2482 1529 2541; x_wconf 66' lang='lat' dir='ltr'>fons</span> 
     </span>
    </p>
   </div>
   <div class='ocr_carea' id='block_1_7' title="bbox 399 2552 1651 2618">
    <p class='ocr_par' dir='ltr' id='par_1_15' title="bbox 399 2552 1651 2618">
     <span class='ocr_line' id='line_1_39' title="bbox 399 2552 1651 2618; baseline -0.006 -16"><span class='ocrx_word' id='word_1_320' title='bbox 399 2562 761 2618; x_wconf 76' lang='lat' dir='ltr'>seuprincipimn.</span> <span class='ocrx_word' id='word_1_321' title='bbox 853 2594 862 2603; x_wconf 93' lang='lat'><strong>.</strong></span> <span class='ocrx_word' id='word_1_322' title='bbox 928 2591 938 2602; x_wconf 88' lang='lat'><em>.</em></span> <span class='ocrx_word' id='word_1_323' title='bbox 1004 2594 1012 2601; x_wconf 95' lang='lat'><strong><em>.</em></strong></span> <span class='ocrx_word' id='word_1_324' title='bbox 1079 2592 1087 2599; x_wconf 93' lang='lat'><em>.</em></span> <span class='ocrx_word' id='word_1_325' title='bbox 1150 2589 1158 2597; x_wconf 92' lang='lat'>.</span> <span class='ocrx_word' id='word_1_326' title='bbox 1222 2591 1230 2600; x_wconf 96' lang='lat'><strong>.</strong></span> <span class='ocrx_word' id='word_1_327' title='bbox 1283 2570 1306 2600; x_wconf 71' lang='grc'>’.</span> <span class='ocrx_word' id='word_1_328' title='bbox 1371 2589 1382 2599; x_wconf 91' lang='grc'><strong>.</strong></span> <span class='ocrx_word' id='word_1_329' title='bbox 1445 2589 1455 2598; x_wconf 94' lang='grc'><strong>.</strong></span> <span class='ocrx_word' id='word_1_330' title='bbox 1520 2589 1529 2597; x_wconf 92' lang='grc'><em>.</em></span> <span class='ocrx_word' id='word_1_331' title='bbox 1591 2552 1651 2596; x_wconf 85' lang='lat' dir='ltr'>ib.</span> 
     </span>
    </p>
   </div>
  </div>
 </body>
</html>
