<?xml version="1.0" encoding="UTF-8"?>
<!DOCTYPE html PUBLIC "-//W3C//DTD XHTML 1.0 Transitional//EN"
    "http://www.w3.org/TR/xhtml1/DTD/xhtml1-transitional.dtd">
<html xmlns="http://www.w3.org/1999/xhtml" xml:lang="en" lang="en">
 <head>
  <title>
</title>
<meta http-equiv="Content-Type" content="text/html;charset=utf-8" />
  <meta name='ocr-system' content='tesseract 3.04.00' />
  <meta name='ocr-capabilities' content='ocr_page ocr_carea ocr_par ocr_line ocrx_word'/>
</head>
<body>
  <div class='ocr_page' id='page_1' title='image "./institutionesphi02ferr_0319.png"; bbox 0 0 1737 2802; ppageno 0'>
   <div class='ocr_carea' id='block_1_1' title="bbox 84 218 1538 2274">
    <p class='ocr_par' dir='ltr' id='par_1_1' title="bbox 95 218 1538 1416">
     <span class='ocr_line' id='line_1_1' title="bbox 96 218 1536 278; baseline 0.001 -16"><span class='ocrx_word' id='word_1_1' title='bbox 96 219 306 278; x_wconf 84' lang='lat' dir='ltr'><strong>prietatis.</strong></span> <span class='ocrx_word' id='word_1_2' title='bbox 341 218 432 271; x_wconf 84' lang='lat' dir='ltr'>Qui</span> <span class='ocrx_word' id='word_1_3' title='bbox 467 230 530 261; x_wconf 88' lang='lat' dir='ltr'>est</span> <span class='ocrx_word' id='word_1_4' title='bbox 564 218 767 263; x_wconf 88' lang='lat' dir='ltr'>dominus</span> <span class='ocrx_word' id='word_1_5' title='bbox 802 221 861 263; x_wconf 89' lang='lat' dir='ltr'>rei</span> <span class='ocrx_word' id='word_1_6' title='bbox 897 220 1092 277; x_wconf 85' lang='lat' dir='ltr'>alicuius,</span> <span class='ocrx_word' id='word_1_7' title='bbox 1114 219 1149 262; x_wconf 87' lang='lat' dir='ltr'>is</span> <span class='ocrx_word' id='word_1_8' title='bbox 1183 234 1284 262; x_wconf 90' lang='lat' dir='ltr'>sane</span> <span class='ocrx_word' id='word_1_9' title='bbox 1308 231 1451 277; x_wconf 91' lang='lat' dir='ltr'>potest</span> <span class='ocrx_word' id='word_1_10' title='bbox 1483 219 1536 264; x_wconf 89' lang='lat' dir='ltr'>de</span> 
     </span>
     <span class='ocr_line' id='line_1_2' title="bbox 97 289 1535 350; baseline -0.001 -15"><span class='ocrx_word' id='word_1_11' title='bbox 97 307 147 335; x_wconf 85' lang='lat' dir='ltr'>-re</span> <span class='ocrx_word' id='word_1_12' title='bbox 179 290 246 334; x_wconf 90' lang='lat' dir='ltr'>illa</span> <span class='ocrx_word' id='word_1_13' title='bbox 280 305 355 333; x_wconf 90' lang='lat' dir='ltr'>sua</span> <span class='ocrx_word' id='word_1_14' title='bbox 387 289 632 347; x_wconf 86' lang='lat' dir='ltr'>disponere,</span> <span class='ocrx_word' id='word_1_15' title='bbox 666 305 795 348; x_wconf 89' lang='lat' dir='ltr'>prout</span> <span class='ocrx_word' id='word_1_16' title='bbox 828 291 934 336; x_wconf 87' lang='lat' dir='ltr'>vult:</span> <span class='ocrx_word' id='word_1_17' title='bbox 964 303 1111 350; x_wconf 90' lang='lat' dir='ltr'>-potest</span> <span class='ocrx_word' id='word_1_18' title='bbox 1159 306 1264 348; x_wconf 88' lang='lat' dir='ltr'>ergo</span> <span class='ocrx_word' id='word_1_19' title='bbox 1298 306 1394 334; x_wconf 89' lang='lat' dir='ltr'>eam</span> <span class='ocrx_word' id='word_1_20' title='bbox 1435 306 1535 338; x_wconf 68' lang='lat' dir='ltr'>,rem</span> 
     </span>
     <span class='ocr_line' id='line_1_3' title="bbox 95 362 1536 421; baseline -0.001 -14"><span class='ocrx_word' id='word_1_21' title='bbox 95 362 285 407; x_wconf 83' lang='lat' dir='ltr'>alienare</span> <span class='ocrx_word' id='word_1_22' title='bbox 318 362 448 406; x_wconf 62' lang='lat' dir='ltr'>alteri⁴</span> <span class='ocrx_word' id='word_1_23' title='bbox 483 363 527 406; x_wconf 89' lang='lat' dir='ltr'>Si</span> <span class='ocrx_word' id='word_1_24' title='bbox 562 363 692 419; x_wconf 87' lang='lat' dir='ltr'>igitur</span> <span class='ocrx_word' id='word_1_25' title='bbox 726 363 832 406; x_wconf 83' lang='lat' dir='ltr'>hanc</span> <span class='ocrx_word' id='word_1_26' title='bbox 882 376 1140 421; x_wconf 88' lang='lat' dir='ltr'>potestatem</span> <span class='ocrx_word' id='word_1_27' title='bbox 1188 362 1291 406; x_wconf 92' lang='lat' dir='ltr'>velit</span> <span class='ocrx_word' id='word_1_28' title='bbox 1340 378 1536 407; x_wconf 83' lang='lat' dir='ltr'>exercere</span> 
     </span>
     <span class='ocr_line' id='line_1_4' title="bbox 99 433 1536 487; baseline -0.001 -9"><span class='ocrx_word' id='word_1_29' title='bbox 99 450 176 478; x_wconf 90' lang='lat' dir='ltr'>seu</span> <span class='ocrx_word' id='word_1_30' title='bbox 205 433 248 476; x_wconf 91' lang='lat' dir='ltr'>si</span> <span class='ocrx_word' id='word_1_31' title='bbox 284 434 522 477; x_wconf 76' lang='lat' dir='ltr'>consentiat</span> <span class='ocrx_word' id='word_1_32' title='bbox 555 433 599 476; x_wconf 91' lang='lat' dir='ltr'>in</span> <span class='ocrx_word' id='word_1_33' title='bbox 634 434 694 476; x_wconf 90' lang='lat' dir='ltr'>rei</span> <span class='ocrx_word' id='word_1_34' title='bbox 738 433 851 476; x_wconf 88' lang='lat' dir='ltr'>illius</span> <span class='ocrx_word' id='word_1_35' title='bbox 901 433 1218 487; x_wconf 79' lang='lat' dir='ltr'>alienationem,</span> <span class='ocrx_word' id='word_1_36' title='bbox 1253 446 1295 477; x_wconf 91' lang='lat' dir='ltr'>et</span> <span class='ocrx_word' id='word_1_37' title='bbox 1343 433 1446 476; x_wconf 87' lang='lat' dir='ltr'>alter</span> <span class='ocrx_word' id='word_1_38' title='bbox 1492 433 1536 476; x_wconf 90' lang='lat' dir='ltr'>in</span> 
     </span>
     <span class='ocr_line' id='line_1_5' title="bbox 95 504 1538 562; baseline -0.001 -14"><span class='ocrx_word' id='word_1_39' title='bbox 95 504 298 548; x_wconf 77' lang='lat' dir='ltr'>eiusdem</span> <span class='ocrx_word' id='word_1_40' title='bbox 347 505 407 547; x_wconf 89' lang='lat' dir='ltr'>rei</span> <span class='ocrx_word' id='word_1_41' title='bbox 455 505 752 561; x_wconf 81' lang='lat' dir='ltr'>acceptionem</span> <span class='ocrx_word' id='word_1_42' title='bbox 802 505 1040 562; x_wconf 82' lang='lat' dir='ltr'>conveniat3</span> <span class='ocrx_word' id='word_1_43' title='bbox 1089 505 1190 560; x_wconf 89' lang='lat' dir='ltr'>iam,</span> <span class='ocrx_word' id='word_1_44' title='bbox 1224 519 1437 551; x_wconf 89' lang='lat' dir='ltr'>consensu</span> <span class='ocrx_word' id='word_1_45' title='bbox 1485 520 1538 548; x_wconf 81' lang='lat' dir='ltr'>ex</span> 
     </span>
     <span class='ocr_line' id='line_1_6' title="bbox 97 573 1536 633; baseline 0 -15"><span class='ocrx_word' id='word_1_46' title='bbox 97 587 285 633; x_wconf 83' lang='lat' dir='ltr'>utraque</span> <span class='ocrx_word' id='word_1_47' title='bbox 309 587 425 632; x_wconf 84' lang='lat' dir='ltr'>parte</span> <span class='ocrx_word' id='word_1_48' title='bbox 449 575 565 628; x_wconf 85' lang='lat' dir='ltr'>dato,</span> <span class='ocrx_word' id='word_1_49' title='bbox 591 574 694 619; x_wconf 91' lang='lat' dir='ltr'>alter</span> <span class='ocrx_word' id='word_1_50' title='bbox 729 574 977 618; x_wconf 75' lang='lat' dir='ltr'>naturaliter</span> <span class='ocrx_word' id='word_1_51' title='bbox 1000 577 1043 618; x_wconf 89' lang='lat' dir='ltr'>in</span> <span class='ocrx_word' id='word_1_52' title='bbox 1068 590 1161 618; x_wconf 88' lang='lat' dir='ltr'>eam</span> <span class='ocrx_word' id='word_1_53' title='bbox 1186 591 1278 618; x_wconf 91' lang='lat' dir='ltr'>rem</span> <span class='ocrx_word' id='word_1_54' title='bbox 1302 576 1368 618; x_wconf 90' lang='lat' dir='ltr'>ius</span> <span class='ocrx_word' id='word_1_55' title='bbox 1398 573 1536 618; x_wconf 86' lang='lat' dir='ltr'>habet.</span> 
     </span>
     <span class='ocr_line' id='line_1_7' title="bbox 100 645 1537 704; baseline 0 -14"><span class='ocrx_word' id='word_1_56' title='bbox 100 647 202 690; x_wconf 90' lang='lat' dir='ltr'>Hoc</span> <span class='ocrx_word' id='word_1_57' title='bbox 235 659 378 690; x_wconf 88' lang='lat' dir='ltr'>autem</span> <span class='ocrx_word' id='word_1_58' title='bbox 414 648 479 690; x_wconf 77' lang='lat' dir='ltr'>ius</span> <span class='ocrx_word' id='word_1_59' title='bbox 514 663 668 690; x_wconf 89' lang='lat' dir='ltr'>omnes</span> <span class='ocrx_word' id='word_1_60' title='bbox 704 646 859 690; x_wconf 86' lang='lat' dir='ltr'>debent</span> <span class='ocrx_word' id='word_1_61' title='bbox 893 662 1128 704; x_wconf 80' lang='lat' dir='ltr'>agnoscere</span> <span class='ocrx_word' id='word_1_62' title='bbox 1163 661 1208 689; x_wconf 88' lang='lat' dir='ltr'>ac</span> <span class='ocrx_word' id='word_1_63' title='bbox 1242 647 1443 699; x_wconf 81' lang='lat' dir='ltr'>revereri,</span> <span class='ocrx_word' id='word_1_64' title='bbox 1467 645 1537 690; x_wconf 88' lang='lat' dir='ltr'>ille</span> 
     </span>
     <span class='ocr_line' id='line_1_8' title="bbox 99 717 1534 776; baseline 0.001 -16"><span class='ocrx_word' id='word_1_65' title='bbox 99 718 146 760; x_wconf 89' lang='lat' dir='ltr'>in</span> <span class='ocrx_word' id='word_1_66' title='bbox 178 719 330 776; x_wconf 89' lang='lat' dir='ltr'>primis</span> <span class='ocrx_word' id='word_1_67' title='bbox 365 719 438 776; x_wconf 88' lang='lat' dir='ltr'>qui</span> <span class='ocrx_word' id='word_1_68' title='bbox 471 734 565 761; x_wconf 86' lang='lat' dir='ltr'>eam</span> <span class='ocrx_word' id='word_1_69' title='bbox 595 733 686 761; x_wconf 89' lang='lat' dir='ltr'>rem</span> <span class='ocrx_word' id='word_1_70' title='bbox 722 717 857 761; x_wconf 81' lang='lat' dir='ltr'>facere</span> <span class='ocrx_word' id='word_1_71' title='bbox 881 718 1062 762; x_wconf 86' lang='lat' dir='ltr'>alienam</span> <span class='ocrx_word' id='word_1_72' title='bbox 1098 734 1173 762; x_wconf 90' lang='lat' dir='ltr'>seu</span> <span class='ocrx_word' id='word_1_73' title='bbox 1200 717 1349 762; x_wconf 89' lang='lat' dir='ltr'>cedere</span> <span class='ocrx_word' id='word_1_74' title='bbox 1381 718 1534 762; x_wconf 86' lang='lat' dir='ltr'>voluit.</span> 
     </span>
     <span class='ocr_line' id='line_1_9' title="bbox 100 788 1536 848; baseline 0.001 -17"><span class='ocrx_word' id='word_1_75' title='bbox 100 789 200 832; x_wconf 92' lang='lat' dir='ltr'>Hoc</span> <span class='ocrx_word' id='word_1_76' title='bbox 232 804 333 833; x_wconf 85' lang='lat' dir='ltr'>sane</span> <span class='ocrx_word' id='word_1_77' title='bbox 383 788 575 832; x_wconf 84' lang='lat' dir='ltr'>debitum</span> <span class='ocrx_word' id='word_1_78' title='bbox 623 805 698 832; x_wconf 89' lang='lat' dir='ltr'>seu</span> <span class='ocrx_word' id='word_1_79' title='bbox 750 789 1062 846; x_wconf 75' lang='lat' dir='ltr'>obligationem</span> <span class='ocrx_word' id='word_1_80' title='bbox 1112 789 1220 833; x_wconf 88' lang='lat' dir='ltr'>hanc</span> <span class='ocrx_word' id='word_1_81' title='bbox 1260 790 1298 833; x_wconf 86' lang='lat' dir='ltr'>ei</span> <span class='ocrx_word' id='word_1_82' title='bbox 1348 790 1536 848; x_wconf 87' lang='lat' dir='ltr'>imponit</span> 
     </span>
     <span class='ocr_line' id='line_1_10' title="bbox 96 859 1535 918; baseline 0 -16"><span class='ocrx_word' id='word_1_83' title='bbox 96 859 304 902; x_wconf 84' lang='lat' dir='ltr'>naturalis</span> <span class='ocrx_word' id='word_1_84' title='bbox 337 859 405 902; x_wconf 84' lang='lat' dir='ltr'>illa</span> <span class='ocrx_word' id='word_1_85' title='bbox 439 859 518 912; x_wconf 73' lang='lat' dir='ltr'>lex,</span> <span class='ocrx_word' id='word_1_86' title='bbox 553 876 660 917; x_wconf 87' lang='lat' dir='ltr'>quae</span> <span class='ocrx_word' id='word_1_87' title='bbox 694 861 900 918; x_wconf 85' lang='lat' dir='ltr'>praecipit</span> <span class='ocrx_word' id='word_1_88' title='bbox 934 872 979 903; x_wconf 89' lang='lat' dir='ltr'>ut</span> <span class='ocrx_word' id='word_1_89' title='bbox 1028 873 1223 903; x_wconf 84' lang='lat' dir='ltr'>servetur</span> <span class='ocrx_word' id='word_1_90' title='bbox 1266 861 1444 916; x_wconf 86' lang='lat' dir='ltr'>iustitia,</span> <span class='ocrx_word' id='word_1_91' title='bbox 1478 859 1535 902; x_wconf 87' lang='lat' dir='ltr'>il-</span> 
     </span>
     <span class='ocr_line' id='line_1_11' title="bbox 96 928 1538 989; baseline 0.001 -17"><span class='ocrx_word' id='word_1_92' title='bbox 96 928 262 987; x_wconf 90' lang='lat' dir='ltr'>ludque</span> <span class='ocrx_word' id='word_1_93' title='bbox 295 929 532 988; x_wconf 84' lang='lat' dir='ltr'>proclamat</span> <span class='ocrx_word' id='word_1_94' title='bbox 566 931 844 989; x_wconf 86' lang='lat' dir='ltr'>principium,</span> <span class='ocrx_word' id='word_1_95' title='bbox 870 932 1084 988; x_wconf 76' lang='lat' dir='ltr'>unicuique</span> <span class='ocrx_word' id='word_1_96' title='bbox 1117 945 1249 973; x_wconf 79' lang='lat' dir='ltr'>suum.</span> <span class='ocrx_word' id='word_1_97' title='bbox 1276 931 1424 975; x_wconf 85' lang='lat' dir='ltr'>Restat</span> <span class='ocrx_word' id='word_1_98' title='bbox 1456 930 1538 987; x_wconf 85' lang='lat' dir='ltr'>igi-</span> 
     </span>
     <span class='ocr_line' id='line_1_12' title="bbox 96 1000 1535 1059; baseline 0 -15"><span class='ocrx_word' id='word_1_99' title='bbox 96 1013 184 1059; x_wconf 81' lang='lat' dir='ltr'>tur,</span> <span class='ocrx_word' id='word_1_100' title='bbox 217 1015 269 1044; x_wconf 82' lang='lat' dir='ltr'>ex</span> <span class='ocrx_word' id='word_1_101' title='bbox 304 1014 525 1045; x_wconf 86' lang='lat' dir='ltr'>contractu</span> <span class='ocrx_word' id='word_1_102' title='bbox 560 1001 795 1045; x_wconf 84' lang='lat' dir='ltr'>naturalem</span> <span class='ocrx_word' id='word_1_103' title='bbox 831 1002 934 1045; x_wconf 86' lang='lat' dir='ltr'>oriri</span> <span class='ocrx_word' id='word_1_104' title='bbox 969 1000 1277 1059; x_wconf 85' lang='lat' dir='ltr'>obligationem</span> <span class='ocrx_word' id='word_1_105' title='bbox 1312 1016 1535 1059; x_wconf 85' lang='lat' dir='ltr'>recogno-</span> 
     </span>
     <span class='ocr_line' id='line_1_13' title="bbox 95 1072 1534 1131; baseline 0 -15"><span class='ocrx_word' id='word_1_106' title='bbox 95 1073 247 1117; x_wconf 82' lang='lat' dir='ltr'>scendi</span> <span class='ocrx_word' id='word_1_107' title='bbox 271 1074 311 1117; x_wconf 91' lang='lat' dir='ltr'>in</span> <span class='ocrx_word' id='word_1_108' title='bbox 332 1073 465 1116; x_wconf 75' lang='lat' dir='ltr'>altero</span> <span class='ocrx_word' id='word_1_109' title='bbox 484 1075 549 1116; x_wconf 89' lang='lat' dir='ltr'>ius</span> <span class='ocrx_word' id='word_1_110' title='bbox 574 1075 616 1117; x_wconf 88' lang='lat' dir='ltr'>in</span> <span class='ocrx_word' id='word_1_111' title='bbox 640 1090 734 1117; x_wconf 90' lang='lat' dir='ltr'>eam</span> <span class='ocrx_word' id='word_1_112' title='bbox 760 1090 866 1130; x_wconf 83' lang='lat' dir='ltr'>rem,</span> <span class='ocrx_word' id='word_1_113' title='bbox 887 1074 937 1117; x_wconf 87' lang='lat' dir='ltr'>de</span> <span class='ocrx_word' id='word_1_114' title='bbox 960 1089 1042 1131; x_wconf 86' lang='lat' dir='ltr'>qua</span> <span class='ocrx_word' id='word_1_115' title='bbox 1068 1073 1298 1116; x_wconf 89' lang='lat' dir='ltr'>conventio</span> <span class='ocrx_word' id='word_1_116' title='bbox 1322 1072 1430 1116; x_wconf 83' lang='lat' dir='ltr'>facta</span> <span class='ocrx_word' id='word_1_117' title='bbox 1453 1085 1534 1128; x_wconf 89' lang='lat' dir='ltr'>est,</span> 
     </span>
     <span class='ocr_line' id='line_1_14' title="bbox 98 1144 1534 1203; baseline 0.001 -16"><span class='ocrx_word' id='word_1_118' title='bbox 98 1144 292 1203; x_wconf 87' lang='lat' dir='ltr'>illudque</span> <span class='ocrx_word' id='word_1_119' title='bbox 323 1158 372 1188; x_wconf 83' lang='lat' dir='ltr'>ut</span> <span class='ocrx_word' id='word_1_120' title='bbox 406 1145 650 1189; x_wconf 62' lang='lat' dir='ltr'>inviolabile</span> <span class='ocrx_word' id='word_1_121' title='bbox 684 1145 879 1190; x_wconf 85' lang='lat' dir='ltr'>habendi.</span> <span class='ocrx_word' id='word_1_122' title='bbox 913 1171 971 1179; x_wconf 90' lang='lat'>—</span> <span class='ocrx_word' id='word_1_123' title='bbox 1003 1145 1114 1189; x_wconf 90' lang='lat' dir='ltr'>Illud</span> <span class='ocrx_word' id='word_1_124' title='bbox 1148 1157 1291 1188; x_wconf 88' lang='lat' dir='ltr'>autem</span> <span class='ocrx_word' id='word_1_125' title='bbox 1327 1161 1377 1188; x_wconf 87' lang='lat' dir='ltr'>ex</span> <span class='ocrx_word' id='word_1_126' title='bbox 1411 1144 1534 1189; x_wconf 90' lang='lat' dir='ltr'>dictis</span> 
     </span>
     <span class='ocr_line' id='line_1_15' title="bbox 97 1215 1536 1275; baseline -0.001 -15"><span class='ocrx_word' id='word_1_127' title='bbox 97 1229 231 1275; x_wconf 87' lang='lat' dir='ltr'>patet,</span> <span class='ocrx_word' id='word_1_128' title='bbox 265 1216 373 1260; x_wconf 85' lang='lat' dir='ltr'>hanc</span> <span class='ocrx_word' id='word_1_129' title='bbox 406 1215 716 1274; x_wconf 70' lang='lat' dir='ltr'>obligationem</span> <span class='ocrx_word' id='word_1_130' title='bbox 749 1217 815 1260; x_wconf 84' lang='lat' dir='ltr'>vel</span> <span class='ocrx_word' id='word_1_131' title='bbox 848 1233 898 1260; x_wconf 81' lang='lat' dir='ltr'>ex</span> <span class='ocrx_word' id='word_1_132' title='bbox 932 1229 1113 1274; x_wconf 86' lang='lat' dir='ltr'>utraque</span> <span class='ocrx_word' id='word_1_133' title='bbox 1147 1229 1263 1274; x_wconf 90' lang='lat' dir='ltr'>parte</span> <span class='ocrx_word' id='word_1_134' title='bbox 1302 1231 1536 1274; x_wconf 85' lang='lat' dir='ltr'>exsurgere</span> 
     </span>
     <span class='ocr_line' id='line_1_16' title="bbox 97 1287 1537 1346; baseline -0.001 -15"><span class='ocrx_word' id='word_1_135' title='bbox 97 1289 166 1331; x_wconf 85' lang='lat' dir='ltr'>vel</span> <span class='ocrx_word' id='word_1_136' title='bbox 200 1304 250 1331; x_wconf 86' lang='lat' dir='ltr'>ex</span> <span class='ocrx_word' id='word_1_137' title='bbox 297 1287 495 1331; x_wconf 85' lang='lat' dir='ltr'>alterutra</span> <span class='ocrx_word' id='word_1_138' title='bbox 543 1301 726 1343; x_wconf 86' lang='lat' dir='ltr'>tantum,</span> <span class='ocrx_word' id='word_1_139' title='bbox 763 1301 892 1346; x_wconf 86' lang='lat' dir='ltr'>prout</span> <span class='ocrx_word' id='word_1_140' title='bbox 941 1301 1184 1331; x_wconf 88' lang='lat' dir='ltr'>contractus</span> <span class='ocrx_word' id='word_1_141' title='bbox 1232 1300 1295 1331; x_wconf 90' lang='lat' dir='ltr'>est</span> <span class='ocrx_word' id='word_1_142' title='bbox 1344 1302 1537 1332; x_wconf 82' lang='lat' dir='ltr'>onerosus</span> 
     </span>
     <span class='ocr_line' id='line_1_17' title="bbox 95 1358 413 1416; baseline 0.006 -15"><span class='ocrx_word' id='word_1_143' title='bbox 95 1358 165 1402; x_wconf 85' lang='lat' dir='ltr'>vel</span> <span class='ocrx_word' id='word_1_144' title='bbox 195 1361 413 1416; x_wconf 76' lang='lat' dir='ltr'>gratuitus.</span> 
     </span>
    </p>

    <p class='ocr_par' dir='ltr' id='par_1_2' title="bbox 84 1429 1535 2274">
     <span class='ocr_line' id='line_1_18' title="bbox 219 1429 1534 1487; baseline 0 -15"><span class='ocrx_word' id='word_1_145' title='bbox 219 1429 273 1474; x_wconf 86' lang='lat' dir='ltr'>II.</span> <span class='ocrx_word' id='word_1_146' title='bbox 308 1431 426 1473; x_wconf 85' lang='lat' dir='ltr'>Haec</span> <span class='ocrx_word' id='word_1_147' title='bbox 459 1442 603 1473; x_wconf 86' lang='lat' dir='ltr'>tamen</span> <span class='ocrx_word' id='word_1_148' title='bbox 639 1429 845 1487; x_wconf 87' lang='lat' dir='ltr'>obligatio</span> <span class='ocrx_word' id='word_1_149' title='bbox 884 1445 971 1473; x_wconf 90' lang='lat' dir='ltr'>non</span> <span class='ocrx_word' id='word_1_150' title='bbox 1021 1431 1157 1473; x_wconf 88' lang='lat' dir='ltr'>oritur</span> <span class='ocrx_word' id='word_1_151' title='bbox 1190 1430 1273 1472; x_wconf 91' lang='lat' dir='ltr'>nisi</span> <span class='ocrx_word' id='word_1_152' title='bbox 1322 1445 1373 1472; x_wconf 83' lang='lat' dir='ltr'>ex</span> <span class='ocrx_word' id='word_1_153' title='bbox 1399 1455 1401 1459; x_wconf 87' lang='lat'><em>.</em></span> <span class='ocrx_word' id='word_1_154' title='bbox 1423 1443 1534 1472; x_wconf 91' lang='lat' dir='ltr'>con-</span> 
     </span>
     <span class='ocr_line' id='line_1_19' title="bbox 95 1501 1533 1559; baseline 0.001 -16"><span class='ocrx_word' id='word_1_155' title='bbox 95 1512 252 1552; x_wconf 81' lang='lat' dir='ltr'>tracm‚</span> <span class='ocrx_word' id='word_1_156' title='bbox 289 1502 355 1544; x_wconf 90' lang='lat' dir='ltr'>cui</span> <span class='ocrx_word' id='word_1_157' title='bbox 389 1501 503 1545; x_wconf 82' lang='lat' dir='ltr'>nulla</span> <span class='ocrx_word' id='word_1_158' title='bbox 537 1502 645 1545; x_wconf 86' lang='lat' dir='ltr'>desit</span> <span class='ocrx_word' id='word_1_159' title='bbox 678 1518 727 1545; x_wconf 82' lang='lat' dir='ltr'>ex</span> <span class='ocrx_word' id='word_1_160' title='bbox 762 1503 812 1544; x_wconf 86' lang='lat' dir='ltr'>iis</span> <span class='ocrx_word' id='word_1_161' title='bbox 843 1501 1180 1555; x_wconf 72' lang='lat' dir='ltr'>conditionibus,</span> <span class='ocrx_word' id='word_1_162' title='bbox 1214 1517 1323 1559; x_wconf 88' lang='lat' dir='ltr'>quae</span> <span class='ocrx_word' id='word_1_163' title='bbox 1356 1501 1408 1544; x_wconf 87' lang='lat' dir='ltr'>ad</span> <span class='ocrx_word' id='word_1_164' title='bbox 1440 1502 1533 1545; x_wconf 88' lang='lat' dir='ltr'>eius</span> 
     </span>
     <span class='ocr_line' id='line_1_20' title="bbox 97 1571 1533 1631; baseline 0.001 -17"><span class='ocrx_word' id='word_1_165' title='bbox 97 1571 356 1615; x_wconf 69' lang='lat' dir='ltr'>validitatem</span> <span class='ocrx_word' id='word_1_166' title='bbox 388 1574 681 1631; x_wconf 83' lang='lat' dir='ltr'>requiruntur.</span> <span class='ocrx_word' id='word_1_167' title='bbox 718 1575 930 1630; x_wconf 67' lang='lat' dir='ltr'>Quaeres‘,</span> <span class='ocrx_word' id='word_1_168' title='bbox 965 1588 1174 1631; x_wconf 85' lang='lat' dir='ltr'>quaenam</span> <span class='ocrx_word' id='word_1_169' title='bbox 1209 1574 1294 1616; x_wconf 90' lang='lat' dir='ltr'>sint</span> <span class='ocrx_word' id='word_1_170' title='bbox 1326 1572 1406 1616; x_wconf 87' lang='lat' dir='ltr'>hae</span> <span class='ocrx_word' id='word_1_171' title='bbox 1430 1587 1533 1616; x_wconf 88' lang='lat' dir='ltr'>con·</span> 
     </span>
     <span class='ocr_line' id='line_1_21' title="bbox 92 1643 1530 1702; baseline 0.001 -16"><span class='ocrx_word' id='word_1_172' title='bbox 92 1643 316 1687; x_wconf 85' lang='lat' dir='ltr'>ditiones?</span> <span class='ocrx_word' id='word_1_173' title='bbox 352 1644 627 1701; x_wconf 89' lang='lat' dir='ltr'>Respondeo,</span> <span class='ocrx_word' id='word_1_174' title='bbox 662 1645 761 1688; x_wconf 87' lang='lat' dir='ltr'>alias</span> <span class='ocrx_word' id='word_1_175' title='bbox 795 1645 971 1702; x_wconf 87' lang='lat' dir='ltr'>quidem</span> <span class='ocrx_word' id='word_1_176' title='bbox 1002 1644 1277 1688; x_wconf 90' lang='lat' dir='ltr'>determinari</span> <span class='ocrx_word' id='word_1_177' title='bbox 1310 1645 1403 1702; x_wconf 90' lang='lat' dir='ltr'>ipsa</span> <span class='ocrx_word' id='word_1_178' title='bbox 1435 1643 1530 1701; x_wconf 86' lang='lat' dir='ltr'>lege</span> 
     </span>
     <span class='ocr_line' id='line_1_22' title="bbox 92 1715 1531 1775; baseline 0.001 -19"><span class='ocrx_word' id='word_1_179' title='bbox 92 1728 288 1772; x_wconf 82' lang='lat' dir='ltr'>naturae,</span> <span class='ocrx_word' id='word_1_180' title='bbox 322 1715 421 1758; x_wconf 84' lang='lat' dir='ltr'>alias</span> <span class='ocrx_word' id='word_1_181' title='bbox 454 1731 557 1759; x_wconf 84' lang='lat' dir='ltr'>vero</span> <span class='ocrx_word' id='word_1_182' title='bbox 592 1715 715 1759; x_wconf 88' lang='lat' dir='ltr'>adiici</span> <span class='ocrx_word' id='word_1_183' title='bbox 741 1716 906 1772; x_wconf 82' lang='lat' dir='ltr'>legibus</span> <span class='ocrx_word' id='word_1_184' title='bbox 932 1717 1131 1773; x_wconf 90' lang='lat' dir='ltr'>positivis</span> <span class='ocrx_word' id='word_1_185' title='bbox 1155 1715 1240 1775; x_wconf 87' lang='lat'>(1).</span> <span class='ocrx_word' id='word_1_186' title='bbox 1264 1716 1361 1759; x_wconf 92' lang='lat' dir='ltr'>Nos</span> <span class='ocrx_word' id='word_1_187' title='bbox 1386 1724 1531 1759; x_wconf 85' lang='lat' dir='ltr'>autem</span> 
     </span>
     <span class='ocr_line' id='line_1_23' title="bbox 97 1785 1533 1845; baseline 0.001 -17"><span class='ocrx_word' id='word_1_188' title='bbox 97 1785 282 1829; x_wconf 85' lang='lat' dir='ltr'>breviter</span> <span class='ocrx_word' id='word_1_189' title='bbox 315 1801 582 1844; x_wconf 79' lang='lat' dir='ltr'>exponemus</span> <span class='ocrx_word' id='word_1_190' title='bbox 617 1803 685 1829; x_wconf 91' lang='lat' dir='ltr'>eas</span> <span class='ocrx_word' id='word_1_191' title='bbox 720 1800 888 1829; x_wconf 86' lang='lat' dir='ltr'>tantum</span> <span class='ocrx_word' id='word_1_192' title='bbox 925 1787 1215 1839; x_wconf 80' lang='lat' dir='ltr'>conditiones,</span> <span class='ocrx_word' id='word_1_193' title='bbox 1251 1801 1357 1844; x_wconf 87' lang='lat' dir='ltr'>quae</span> <span class='ocrx_word' id='word_1_194' title='bbox 1399 1787 1533 1845; x_wconf 82' lang='lat' dir='ltr'>primo</span> 
     </span>
     <span class='ocr_line' id='line_1_24' title="bbox 91 1857 1531 1915; baseline -0.001 -14"><span class='ocrx_word' id='word_1_195' title='bbox 91 1858 327 1915; x_wconf 84' lang='lat' dir='ltr'>exiguntur</span> <span class='ocrx_word' id='word_1_196' title='bbox 347 1857 395 1901; x_wconf 91' lang='lat' dir='ltr'>ab</span> <span class='ocrx_word' id='word_1_197' title='bbox 430 1859 525 1915; x_wconf 89' lang='lat' dir='ltr'>ipso</span> <span class='ocrx_word' id='word_1_198' title='bbox 555 1858 648 1901; x_wconf 88' lang='lat' dir='ltr'>iure</span> <span class='ocrx_word' id='word_1_199' title='bbox 672 1871 860 1911; x_wconf 78' lang='lat' dir='ltr'>naturae,</span> <span class='ocrx_word' id='word_1_200' title='bbox 884 1874 991 1915; x_wconf 86' lang='lat' dir='ltr'>quae</span> <span class='ocrx_word' id='word_1_201' title='bbox 1015 1858 1181 1902; x_wconf 77' lang='lat' dir='ltr'>secundo</span> <span class='ocrx_word' id='word_1_202' title='bbox 1205 1870 1305 1900; x_wconf 86' lang='lat' dir='ltr'>sunt</span> <span class='ocrx_word' id='word_1_203' title='bbox 1328 1857 1531 1900; x_wconf 89' lang='lat' dir='ltr'>omnibus</span> 
     </span>
     <span class='ocr_line' id='line_1_25' title="bbox 97 1927 1535 1987; baseline -0.001 -15"><span class='ocrx_word' id='word_1_204' title='bbox 97 1930 141 1972; x_wconf 92' lang='lat' dir='ltr'>in</span> <span class='ocrx_word' id='word_1_205' title='bbox 165 1945 323 1987; x_wconf 86' lang='lat' dir='ltr'>genere</span> <span class='ocrx_word' id='word_1_206' title='bbox 349 1929 636 1973; x_wconf 86' lang='lat' dir='ltr'>contractibus</span> <span class='ocrx_word' id='word_1_207' title='bbox 662 1945 932 1972; x_wconf 86' lang='lat' dir='ltr'>communes.</span> <span class='ocrx_word' id='word_1_208' title='bbox 954 1930 1092 1972; x_wconf 87' lang='lat' dir='ltr'>Porro</span> <span class='ocrx_word' id='word_1_209' title='bbox 1112 1945 1162 1972; x_wconf 83' lang='lat' dir='ltr'>ex</span> <span class='ocrx_word' id='word_1_210' title='bbox 1179 1927 1296 1972; x_wconf 88' lang='lat' dir='ltr'>hisce</span> <span class='ocrx_word' id='word_1_211' title='bbox 1320 1927 1535 1972; x_wconf 89' lang='lat' dir='ltr'>conditio-</span> 
     </span>
     <span class='ocr_line' id='line_1_26' title="bbox 84 2000 1530 2058; baseline 0.001 -15"><span class='ocrx_word' id='word_1_212' title='bbox 84 2000 218 2044; x_wconf 75' lang='lat' dir='ltr'>nibus</span> <span class='ocrx_word' id='word_1_213' title='bbox 253 2000 354 2044; x_wconf 86' lang='lat' dir='ltr'>aliae</span> <span class='ocrx_word' id='word_1_214' title='bbox 387 2001 622 2058; x_wconf 86' lang='lat' dir='ltr'>respiciunt</span> <span class='ocrx_word' id='word_1_215' title='bbox 657 2002 875 2044; x_wconf 73' lang='lat' dir='ltr'>materiam</span> <span class='ocrx_word' id='word_1_216' title='bbox 909 2013 1172 2053; x_wconf 84' lang='lat' dir='ltr'>contractus,</span> <span class='ocrx_word' id='word_1_217' title='bbox 1198 2000 1300 2043; x_wconf 86' lang='lat' dir='ltr'>aliae</span> <span class='ocrx_word' id='word_1_218' title='bbox 1328 2008 1530 2058; x_wconf 80' lang='lat' dir='ltr'>personas</span> 
     </span>
     <span class='ocr_line' id='line_1_27' title="bbox 91 2071 1532 2130; baseline 0 -16"><span class='ocrx_word' id='word_1_219' title='bbox 91 2072 415 2130; x_wconf 80' lang='lat' dir='ltr'>contrahentes,</span> <span class='ocrx_word' id='word_1_220' title='bbox 448 2072 550 2115; x_wconf 90' lang='lat' dir='ltr'>aliae</span> <span class='ocrx_word' id='word_1_221' title='bbox 583 2087 829 2116; x_wconf 72' lang='lat' dir='ltr'>consensum.</span> <span class='ocrx_word' id='word_1_222' title='bbox 873 2071 1059 2125; x_wconf 79' lang='lat' dir='ltr'>Scilicet,</span> <span class='ocrx_word' id='word_1_223' title='bbox 1095 2084 1140 2114; x_wconf 91' lang='lat' dir='ltr'>ut</span> <span class='ocrx_word' id='word_1_224' title='bbox 1185 2084 1428 2114; x_wconf 85' lang='lat' dir='ltr'>contractus</span> <span class='ocrx_word' id='word_1_225' title='bbox 1477 2071 1532 2114; x_wconf 89' lang='lat' dir='ltr'>sit</span> 
     </span>
     <span class='ocr_line' id='line_1_28' title="bbox 96 2142 1531 2201; baseline 0.001 -17"><span class='ocrx_word' id='word_1_226' title='bbox 96 2142 279 2198; x_wconf 75' lang='lat' dir='ltr'>validus,</span> <span class='ocrx_word' id='word_1_227' title='bbox 314 2145 594 2201; x_wconf 82' lang='lat' dir='ltr'>requiruntur</span> <span class='ocrx_word' id='word_1_228' title='bbox 623 2143 725 2186; x_wconf 84' lang='lat' dir='ltr'>haec</span> <span class='ocrx_word' id='word_1_229' title='bbox 758 2145 851 2186; x_wconf 86' lang='lat' dir='ltr'>tria:</span> <span class='ocrx_word' id='word_1_230' title='bbox 876 2143 999 2186; x_wconf 80' lang='lat' dir='ltr'>debet</span> <span class='ocrx_word' id='word_1_231' title='bbox 1034 2159 1126 2186; x_wconf 88' lang='lat' dir='ltr'>esse</span> <span class='ocrx_word' id='word_1_232' title='bbox 1150 2168 1207 2176; x_wconf 96' lang='lat'><strong>—</strong></span> <span class='ocrx_word' id='word_1_233' title='bbox 1231 2143 1408 2186; x_wconf 87' lang='lat' dir='ltr'>materia</span> <span class='ocrx_word' id='word_1_234' title='bbox 1431 2151 1531 2201; x_wconf 80' lang='lat' dir='ltr'>apta</span> 
     </span>
     <span class='ocr_line' id='line_1_29' title="bbox 92 2215 1201 2274; baseline 0 -16"><span class='ocrx_word' id='word_1_235' title='bbox 92 2241 153 2248; x_wconf 85' lang='lat'>—-</span> <span class='ocrx_word' id='word_1_236' title='bbox 185 2216 427 2259; x_wconf 85' lang='lat' dir='ltr'>subiectum</span> <span class='ocrx_word' id='word_1_237' title='bbox 459 2225 592 2274; x_wconf 69' lang='lat' dir='ltr'>capax</span> <span class='ocrx_word' id='word_1_238' title='bbox 626 2242 682 2247; x_wconf 90' lang='lat'>—-</span> <span class='ocrx_word' id='word_1_239' title='bbox 716 2230 950 2258; x_wconf 79' lang='lat' dir='ltr'>consensus</span> <span class='ocrx_word' id='word_1_240' title='bbox 986 2215 1201 2271; x_wconf 73' lang='lat' dir='ltr'>legitimus.</span> 
     </span>
    </p>
   </div>
   <div class='ocr_carea' id='block_1_2' title="bbox 96 2372 294 2378">
    <p class='ocr_par' dir='ltr' id='par_1_3' title="bbox 96 2372 294 2378">
     <span class='ocr_line' id='line_1_30' title="bbox 96 2372 294 2378; baseline 0 0"><span class='ocrx_word' id='word_1_241' title='bbox 96 2372 294 2378; x_wconf 95' lang='lat' dir='ltr'> </span> 
     </span>
    </p>
   </div>
   <div class='ocr_carea' id='block_1_3' title="bbox 87 2455 1527 2622">
    <p class='ocr_par' dir='ltr' id='par_1_4' title="bbox 87 2455 1527 2622">
     <span class='ocr_line' id='line_1_31' title="bbox 192 2455 1527 2502; baseline -0.001 -11"><span class='ocrx_word' id='word_1_242' title='bbox 192 2458 243 2501; x_wconf 83' lang='lat'>(1)</span> <span class='ocrx_word' id='word_1_243' title='bbox 269 2458 345 2491; x_wconf 82' lang='lat' dir='ltr'>Hac</span> <span class='ocrx_word' id='word_1_244' title='bbox 373 2456 415 2490; x_wconf 75' lang='lat' dir='ltr'>de</span> <span class='ocrx_word' id='word_1_245' title='bbox 443 2467 479 2491; x_wconf 82' lang='lat' dir='ltr'>re</span> <span class='ocrx_word' id='word_1_246' title='bbox 505 2456 585 2501; x_wconf 78' lang='lat' dir='ltr'>lege</span> <span class='ocrx_word' id='word_1_247' title='bbox 611 2456 752 2499; x_wconf 69' lang='lat' dir='ltr'>suarez,</span> <span class='ocrx_word' id='word_1_248' title='bbox 771 2456 814 2490; x_wconf 79' lang='lat' dir='ltr'>de</span> <span class='ocrx_word' id='word_1_249' title='bbox 834 2456 901 2502; x_wconf 76' lang='lat' dir='ltr'>leg.</span> <span class='ocrx_word' id='word_1_250' title='bbox 921 2455 942 2490; x_wconf 91' lang='lat' dir='ltr'>l.</span> <span class='ocrx_word' id='word_1_251' title='bbox 960 2456 1008 2490; x_wconf 89' lang='lat' dir='ltr'>V.</span> <span class='ocrx_word' id='word_1_252' title='bbox 1030 2466 1057 2490; x_wconf 77' lang='lat' dir='ltr'>e.</span> <span class='ocrx_word' id='word_1_253' title='bbox 1084 2467 1133 2501; x_wconf 82' lang='lat'>19.</span> <span class='ocrx_word' id='word_1_254' title='bbox 1154 2467 1187 2490; x_wconf 90' lang='lat' dir='ltr'>n.</span> <span class='ocrx_word' id='word_1_255' title='bbox 1211 2466 1248 2497; x_wconf 80' lang='lat'>1.‚</span> <span class='ocrx_word' id='word_1_256' title='bbox 1269 2455 1328 2489; x_wconf 85' lang='lat' dir='ltr'>ubi</span> <span class='ocrx_word' id='word_1_257' title='bbox 1353 2455 1527 2497; x_wconf 86' lang='lat' dir='ltr'>ostendit,</span> 
     </span>
     <span class='ocr_line' id='line_1_32' title="bbox 91 2514 1526 2567; baseline -0.001 -17"><span class='ocrx_word' id='word_1_258' title='bbox 91 2515 187 2551; x_wconf 89' lang='lat' dir='ltr'>hanc</span> <span class='ocrx_word' id='word_1_259' title='bbox 213 2525 431 2562; x_wconf 81' lang='lat' dir='ltr'>potestatem</span> <span class='ocrx_word' id='word_1_260' title='bbox 462 2516 612 2561; x_wconf 83' lang='lat' dir='ltr'>principi</span> <span class='ocrx_word' id='word_1_261' title='bbox 640 2524 848 2561; x_wconf 75' lang='lat' dir='ltr'>competere</span> <span class='ocrx_word' id='word_1_262' title='bbox 875 2535 918 2541; x_wconf 95' lang='lat'>—</span> <span class='ocrx_word' id='word_1_263' title='bbox 947 2515 1027 2561; x_wconf 85' lang='lat' dir='ltr'>quia</span> <span class='ocrx_word' id='word_1_264' title='bbox 1053 2526 1128 2549; x_wconf 89' lang='lat' dir='ltr'>non</span> <span class='ocrx_word' id='word_1_265' title='bbox 1156 2524 1331 2561; x_wconf 79' lang='lat' dir='ltr'>repugnat</span> <span class='ocrx_word' id='word_1_266' title='bbox 1359 2514 1432 2567; x_wconf 70' lang='lat' dir='ltr'>legi</span> <span class='ocrx_word' id='word_1_267' title='bbox 1460 2526 1526 2548; x_wconf 85' lang='lat' dir='ltr'>na-</span> 
     </span>
     <span class='ocr_line' id='line_1_33' title="bbox 87 2573 1416 2622; baseline 0 -14"><span class='ocrx_word' id='word_1_268' title='bbox 87 2574 201 2609; x_wconf 53' lang='lat' dir='ltr'>murali</span> <span class='ocrx_word' id='word_1_269' title='bbox 226 2595 270 2602; x_wconf 93' lang='lat'>—</span> <span class='ocrx_word' id='word_1_270' title='bbox 298 2584 332 2610; x_wconf 85' lang='lat' dir='ltr'>et</span> <span class='ocrx_word' id='word_1_271' title='bbox 359 2575 520 2622; x_wconf 81' lang='lat' dir='ltr'>alioquin</span> <span class='ocrx_word' id='word_1_272' title='bbox 550 2575 692 2620; x_wconf 82' lang='lat' dir='ltr'>expedit</span> <span class='ocrx_word' id='word_1_273' title='bbox 719 2575 762 2609; x_wconf 83' lang='lat' dir='ltr'>ad</span> <span class='ocrx_word' id='word_1_274' title='bbox 790 2586 988 2609; x_wconf 87' lang='lat' dir='ltr'>commune</span> <span class='ocrx_word' id='word_1_275' title='bbox 1019 2576 1157 2609; x_wconf 87' lang='lat' dir='ltr'>bonum</span> <span class='ocrx_word' id='word_1_276' title='bbox 1186 2573 1416 2620; x_wconf 87' lang='lat' dir='ltr'>reipublicae.</span> 
     </span>
    </p>
   </div>
  </div>
 </body>
</html>
