1737 2802
805 92 1065 135 —208—

222 186 394 243 officium
427 200 519 228 eam
556 185 854 243 amplectendi,
888 188 922 230 si
956 204 1002 231 ea
1036 187 1099 243 (ut
1125 188 1310 246 possibile
1333 204 1379 232 ac
1405 192 1647 235 conveniens

222 257 306 316 cst)
339 258 499 300 existat.
536 257 639 300 Non
674 258 816 316 itaque
850 258 1078 316 theologos
1112 261 1298 317 agimus,
1330 260 1404 304 sed
1440 260 1643 323 philoso-

222 329 348 387 phoS‚
381 328 483 372 dum
519 328 600 372 hoc
624 328 887 373 affirmamus
918 343 1193 390 mettimque,
1217 331 1440 377 hominem
1465 335 1644 378 naturali

220 401 353 443 teneri
402 399 561 457 officio,
595 400 857 458 revelationi,
891 403 925 444 si
958 418 980 445 a
1013 404 1109 446 Deo
1143 402 1230 457 fiat,
1267 406 1435 462 penitus
1484 404 1645 449 adhae-

221 472 355 516 rendi.

746 693 913 737 T11ESIS
947 694 1106 738 XVIII.

218 825 248 868 I.
283 825 410 869 Facta
441 826 654 883 hypothesi,
688 825 824 868 Deum
856 826 1012 869 homini
1043 826 1328 871 revelationem
1357 828 1521 886 fecisse,
1555 830 1644 873 iure

336 906 510 940 naturae
552 903 709 940 tenetur
755 898 890 952 hom-0,
934 898 1100 956 plenum
1149 901 1292 942 mentis
1339 899 1572 958 obsequium
1605 902 1642 944 ei

335 969 536 1013 adhibere.
569 969 621 1012 Π.
660 968 812 1013 Oborto
837 968 958 1012 dubio
982 969 1027 1013 de
1060 969 1226 1014 divinae
1249 971 1508 1017 revelationis
1530 974 1641 1016 exis-

336 1042 481 1093 tentia,
513 1040 645 1084 eodem
694 1042 778 1084 iure
829 1050 1004 1084 naturae
1054 1049 1206 1086 tenetur
1253 1043 1384 1098 homo,
1420 1043 1549 1098 illam,
1584 1045 1643 1088 uti

330 1121 411 1170 par
443 1121 513 1170 est,
546 1113 765 1172 inquirere.

337 1234 404 1275 55.
440 1221 826 1265 DEMONSTRATto.
862 1220 1092 1279 Duplicem
1125 1234 1368 1280 spectamus
1403 1233 1547 1264 casum
1581 1247 1640 1257 —

219 1292 296 1350 1⁰.)
331 1292 539 1346 hominis,
574 1294 646 1351 qui
680 1292 839 1336 factum
875 1293 1042 1338 divinae
1076 1293 1309 1337 locutionis
1342 1302 1442 1338 certo
1475 1309 1638 1353 cogno-

215 1367 294 1408 scit
326 1392 378 1399 κ
418 1365 493 1424 2⁰.)
530 1365 734 1417 hominis,
769 1366 841 1424 qui
875 1365 925 1409 de
963 1366 1032 1409 tali
1068 1365 1178 1410 facto
1212 1365 1250 1409 d.
1274 1365 1389 1410 bitat.

397 1438 450 1483 1⁰.
485 1439 577 1492 Qui
611 1437 661 1482 de
685 1436 796 1481 facto
829 1437 994 1481 divinae
1028 1437 1296 1482 revelationis
1331 1437 1632 1482 certitudinem

214 1509 357 1562 habet,
392 1522 433 1552 et
465 1509 657 1568 loquenti
681 1509 777 1553 Deo
811 1508 940 1553 fidem
965 1508 1184 1566 detrectat,
1217 1509 1251 1552 is
1274 1509 1475 1552 iniuriam
1509 1507 1638 1553 infert

214 1582 324 1639 Deo,
355 1594 397 1626 et
430 1581 609 1640 proinde
641 1581 781 1638 legem
816 1580 1053 1625 naturalem
1094 1581 1226 1626 violat
1272 1582 1536 1639 gravissime.
1585 1582 1639 1626 Et

212 1669 311 1697 sane
358 1653 487 1697 fidem
536 1652 740 1697 detrectat
773 1678 830 1687 —
862 1653 928 1697 vel
970 1654 1068 1712 quia
1116 1652 1274 1697 iudicat
1315 1654 1459 1697 Deum
1508 1668 1638 1712 posse

212 1725 296 1769 falli
330 1738 400 1769 aut
429 1725 570 1769 fallere
604 1752 656 1757 —
691 1725 756 1769 vel
799 1726 897 1783 quia
944 1726 1160 1769 existimat
1193 1725 1336 1768 Deum
1385 1723 1637 1769 hominibus

209 1796 460 1855 loquentem
494 1811 581 1839 non
614 1812 665 1840 eo
699 1796 884 1840 consilio
919 1795 1058 1854 loqui,
1093 1810 1183 1839 non
1216 1795 1300 1839 hoc
1331 1795 1453 1850 velle,
1486 1807 1533 1839 ut
1557 1794 1637 1839 sibi

209 1867 314 1913 fides
347 1867 595 1912 adhibeatur
626 1894 686 1902 —-
717 1867 784 1912 vel
819 1868 918 1922 quia
950 1883 1039 1911 non
1072 1867 1163 1911 vult
1197 1883 1242 1911 se
1275 1883 1320 1911 se
1352 1867 1518 1912 divinae
1550 1883 1636 1911 vo-

209 1942 361 1986 luntati
394 1941 656 1985 submittere.
695 1941 739 1984 Si
780 1946 855 1997 1¹¹2,
886 1941 967 1984 Dei
992 1941 1194 1984 scientiae
1224 1953 1266 1984 et
1289 1940 1503 1984 veracitati
1526 1940 1637 1983 iniu-

209 2016 317 2058 riam
366 2012 506 2070 infert‚
538 2026 585 2056 ut
633 2025 748 2071 patet
796 2010 1032 2056 manifeste.
1067 2013 1113 2056 Si
1149 2024 1226 2066 2¹¹⁸„
1260 2012 1461 2056 iniuriam
1509 2010 1636 2056 infert

209 2087 291 2129 Dei
323 2085 571 2143 sapientiae:
604 2097 668 2128 est
702 2083 815 2128 enim
849 2083 1088 2142 insipientis
1132 2082 1253 2142 loqui
1286 2082 1422 2141 alteri,
1455 2095 1496 2126 et
1544 2097 1633 2127 non

208 2156 292 2201 hoc
323 2156 444 2214 velle,
477 2172 564 2200 non
598 2155 704 2199 hanc
738 2154 890 2199 habere
923 2167 1128 2209 mentem,
1152 2154 1270 2213 quod
1302 2153 1381 2198 sibi
1414 2153 1464 2198 ab
1497 2154 1634 2199 altero

207 2228 416 2274 credatur.
452 2229 496 2273 Si
531 2231 604 2284 3¹¹¹„
639 2242 846 2285 supremo
889 2226 971 2270 Dei
1020 2225 1230 2285 dominio,
1266 2239 1312 2270 ut
1354 2225 1633 2270 manifestum

207 2312 284 2358 est,
317 2299 443 2344 infert
476 2300 677 2344 iniuriam
712 2298 798 2358 (1).

300 2515 351 2560 (1)
381 2529 398 2545 α
425 2512 594 2551 Profecto
622 2514 650 2548 si
676 2515 776 2550 Deus
803 2514 846 2550 ad
873 2514 1040 2549 homines
1067 2513 1238 2561 loqu²tur,
1269 2525 1311 2549 eo
1337 2513 1497 2560 loquitur
1532 2523 1628 2548 con-

203 2574 300 2618 silio,
329 2583 367 2609 ut
392 2574 460 2609 sibi
487 2573 576 2609 fides
593 2573 814 2609 adhibeatur.
833 2573 909 2609 Nec
937 2581 1056 2620 potest
1083 2573 1122 2616 is,
1142 2573 1202 2620 qui
1220 2572 1328 2610 fidem
1348 2572 1533 2616 detrectat,
1551 2581 1628 2606 non
