1737 2802
282 265 379 308 105.
414 252 671 297 SCHoLloN.
708 254 919 306 Quaeres:
954 265 1119 311 quanto
1155 268 1254 296 cum
1275 253 1409 310 rigore
1441 263 1591 309 urgeat

159 324 351 367 officium
384 323 468 367 hoc
501 337 675 368 mutuae
708 324 961 368 dilectionis.
989 323 1126 377 Qnod
1160 325 1309 368 attinet
1341 323 1393 367 ad
1425 336 1590 382 partem

159 397 410 453 negativam,
442 397 606 439 nemini
638 409 701 440 est
735 412 943 455 umquam
966 397 1123 440 iniuste
1143 395 1393 440 nocendum
1417 400 1492 453 (1).
1525 397 1591 439 De

158 479 276 525 parte
310 480 452 511 autem
484 468 739 525 affirmativa
773 467 982 527 quaedam
1016 482 1117 511 sunt
1150 467 1350 511 notanda.

285 538 359 596 1⁰.)
391 538 503 582 Illud
536 540 579 581 in
613 540 764 596 primis
789 552 852 582 est
881 538 1176 595 manifestum,
1199 538 1308 581 hanc
1342 553 1394 581 ex
1418 539 1590 581 caritate

161 610 469 667 obligationem
504 626 592 653 non
625 612 772 668 vigere
805 611 886 653 nisi
925 626 1023 668 erga
1072 626 1161 654 vere
1210 611 1468 668 indigentes,
1516 611 1590 668 qui

161 682 321 726 scilicet
354 694 574 739 nequeunt
606 681 685 724 sibi
718 697 983 725 succurrere.
1036 683 1151 726 «Sic
1199 683 1234 724 si
1283 682 1450 740 aliquis,
1484 697 1592 740 quae

161 753 288 796 verba
320 766 419 796 sunt
454 753 579 797 Card.
615 754 666 796 de
699 754 827 810 Lugo
876 754 960 796 iam
1010 753 1209 811 superius
1244 757 1302 807 (2)
1337 753 1473 808 allata,
1508 753 1588 796 ha-

162 826 280 882 bens,
314 841 401 882 quo
436 824 554 868 cibos
588 825 667 868 sibi
702 838 937 882 comparet,
971 824 1079 868 nolit
1113 825 1353 883 expendere
1391 838 1436 868 ‘et
1479 824 1591 869 fame

162 898 388 951 moriatur,
424 912 513 939 non
548 896 718 953 obligor
752 912 802 939 ex
836 898 1007 940 caritate
1031 897 1081 939 ad
1115 896 1305 940 dandum
1334 898 1370 940 ei
1405 911 1459 940 ex
1484 897 1591 940 meis

163 968 355 1025 pecuniis
390 980 436 1010 ut
470 980 597 1024 emat,
632 969 730 1025 quia
762 982 850 1010 non
884 968 1064 1025 indiget:
1114 969 1261 1012 caritas
1311 981 1456 1011 autem
1504 982 1593 1011 non

163 1038 325 1096 obligat
358 1054 457 1082 curn
490 1054 541 1081 eo
576 1040 721 1095 rigore
757 1054 855 1095 erga
898 1054 1050 1082 omnes
1098 1040 1337 1097 proximOS,
1370 1039 1446 1082 sed
1493 1054 1593 1096 erga

164 1125 255 1153 vere
288 1109 544 1167 indigentes.
589 1110 714 1154 Ratio
749 1125 770 1152 a
803 1110 935 1166 priori
979 1123 1056 1167 est,
1090 1111 1188 1167 quia
1236 1110 1340 1153 haec
1389 1110 1594 1168 obligatio

165 1180 366 1224 fundatur
400 1181 441 1222 in
477 1180 548 1223 illo
572 1180 752 1223 naturali
785 1194 1028 1238 praecepto,
1053 1181 1191 1239 diliges
1208 1183 1450 1240 proximum
1477 1191 1592 1226 tuum

165 1254 266 1297 sicut
300 1254 484 1310 teipsum,
512 1268 603 1309 seu,
636 1256 743 1310 quod
775 1252 845 1295 tibi
868 1255 931 1295 vis
959 1253 1060 1307 fieri,
1084 1253 1160 1310 fac
1192 1254 1300 1296 aliis.
1326 1254 1425 1296 Hoc
1448 1266 1593 1297 autem

166 1323 421 1380 intelligitur
455 1323 506 1366 de
541 1324 605 1379 iis,
640 1339 746 1381 quae
779 1323 1075 1366 rationabiliter
1107 1323 1311 1367 volumus
1345 1337 1386 1367 et
1419 1324 1593 1368 deside-

167 1410 310 1438 ramus
335 1394 383 1437 ab
407 1394 513 1438 aliis.
538 1395 686 1439 Nemo
710 1407 852 1437 autem
877 1394 1184 1438 rationabiliter
1208 1395 1311 1452 vult,
1334 1409 1397 1452 ut,
1421 1395 1595 1453 quando

167 1468 258 1524 ipse
292 1467 480 1524 propriis
517 1464 709 1524 pecuniis
744 1478 885 1523 potest
918 1482 1018 1509 suae
1064 1468 1305 1509 necessitati
1355 1467 1595 1522 subvenire,

167 1537 393 1581 adiuvetur
425 1537 474 1580 ab
498 1537 605 1581 aliis.
637 1538 705 1581 Sic
728 1538 856 1580 etiam
881 1553 1011 1580 nemo
1036 1538 1345 1582 rationabiliter
1369 1538 1596 1594 desiderat,

167 1609 285 1666 quod
322 1609 426 1652 dum
463 1621 604 1666 potest
637 1609 756 1652 facile
789 1625 890 1652 suae
924 1610 1049 1652 saluti
1080 1610 1318 1664 consulere,
1343 1611 1473 1654 alium
1507 1628 1596 1656 non

170 1680 411 1724 invadendo
445 1681 616 1736 iniuste,
650 1681 925 1724 subveniatur
958 1680 1006 1724 ab
1039 1681 1129 1724 aliis
1163 1682 1402 1726 sinentibus
1437 1700 1480 1727 se
1528 1685 1598 1726 in-

169 1754 278 1796 iuste
312 1753 464 1806 occidi,
499 1766 546 1795 ut
579 1754 670 1796 eius
706 1753 829 1795 saluti
865 1754 1163 1797 consulatur.»

291 1827 368 1881 2⁰.)
404 1827 557 1878 Quum
593 1838 738 1867 autem
772 1826 997 1882 proximus
1021 1842 1120 1869 vere
1152 1826 1318 1883 indiget
1342 1827 1498 1870 auxilio
1523 1843 1598 1871 seu

169 1912 270 1940 vere
304 1909 367 1939 est
401 1897 441 1938 in
476 1897 728 1939 necessitate
763 1897 1040 1952 constitutus,
1065 1909 1168 1939 tunc
1190 1897 1256 1940 vel
1289 1913 1525 1955 possumus
1561 1900 1598 1941 ei

171 1967 397 2010 subvenire
431 1966 588 2025 absque
621 1980 773 2009 nostro
808 1967 1092 2010 incommodo
1126 1983 1202 2010 seu
1236 1984 1382 2012 rerum
1426 1982 1598 2012 nostra-

171 2056 269 2083 rum
302 2039 578 2095 detrimento,
610 2038 677 2082 vel
710 2054 811 2082 non.
848 2040 892 2083 Si
928 2040 1132 2096 primum,
1165 2052 1366 2084 tenemur
1409 2042 1448 2085 ei
1495 2041 1599 2084 sub·
1656 2060 1662 2067 ·

170 2112 332 2168 venire,
365 2124 410 2153 ut
445 2123 572 2168 patet.
606 2112 680 2155 Sin
715 2110 910 2164 alterum,
945 2110 1031 2154 duo
1066 2110 1221 2154 debent
1255 2112 1479 2169 perpendi:
1511 2113 1536 2155 i.
1562 2129 1598 2157 e.

171 2198 222 2224 ex
255 2195 372 2239 parte
406 2180 582 2239 quidem
616 2195 777 2238 nostra,
811 2182 988 2239 qualitas
1023 2196 1063 2226 et
1095 2183 1281 2240 gravitas
1326 2183 1596 2229 incommodi

171 2265 242 2296 aut
276 2252 522 2296 detrimenti
556 2254 599 2295 in
642 2254 830 2311 proximi
873 2252 1065 2297 favorem
1113 2254 1343 2312 subeundi,
1378 2271 1431 2299 ex
1479 2269 1598 2314 parte

171 2340 274 2368 vero
309 2326 510 2383 proximi,
545 2325 724 2384 qualitas
748 2339 789 2369 et
821 2325 980 2383 gradus
1004 2328 1284 2383 necessitatis,
1309 2328 1353 2370 in
1387 2344 1470 2386 qua
1492 2344 1599 2386 pro-

267 2567 323 2613 (1)
349 2567 424 2603 Cfr.
453 2566 524 2601 vol.
558 2577 584 2601 1.
611 2566 706 2601 thes.
731 2566 771 2602 L.
801 2578 881 2613 pag.
908 2576 991 2609 400.

268 2627 324 2674 (2)
351 2628 444 2663 Vide
470 2627 563 2663 thes.
588 2626 667 2662 XII.
694 2639 775 2674 pag.
803 2637 883 2671 252.
