1737 2802
92 190 212 234 enim
245 189 438 233 medicus
471 205 560 233 non
594 202 760 234 tantum
794 189 903 233 tollit
955 188 1134 245 malum,
1168 187 1287 246 quod
1333 199 1521 245 apparet,

94 261 172 306 sed
205 263 335 306 etiam
369 261 554 305 radicem
589 274 783 305 removet
817 259 1094 317 infirmitatis,
1127 275 1180 303 ne
1215 259 1377 302 scilicet
1411 259 1526 302 reci-

96 332 225 377 divet.
247 333 300 376 Et
333 331 431 377 ideo
464 332 555 376 vult
578 348 658 376 nos
694 332 906 377 abstinere
930 348 952 375 a
974 331 1193 390 principiis
1227 342 1520 388 peccatorum,

93 416 136 448 et
169 405 224 448 ita
257 403 304 447 ab
338 405 416 458 ira,
452 420 559 463 quae
593 418 656 448 est
691 405 951 462 principium
984 402 1264 447 homicidii.»

216 476 412 529 Quaeres
449 476 534 534 2⁰.)
567 492 618 519 an
652 476 772 520 liceat
806 475 1032 520 defendere
1065 474 1177 518 bona
1200 473 1397 517 fortunae
1430 487 1528 515 ma·

92 547 164 604 gni
197 548 387 590 momenti
420 563 519 591 cum
555 549 772 591 occisione
810 547 931 604 furis,
955 548 987 589 si
1023 561 1067 589 ea
1099 545 1214 589 aliter
1247 546 1411 589 retineri
1443 560 1523 588 non

89 618 280 676 possint?
301 644 359 650 —
383 619 645 677 Respondeo
680 635 778 662 cum
815 619 938 676 Gury
971 618 1057 676 (1):
1087 616 1410 673 «Affirmadve,
1443 615 1522 659 sal.-

94 700 182 732 tem
215 689 532 748 probabilius...
572 691 774 749 Quisque
808 690 923 733 enim
957 690 1022 732 ius
1065 688 1190 732 habet
1238 687 1523 731 conservandi

94 759 205 805 bona
238 762 383 819 magni
415 777 494 820 pro
544 762 792 806 conditione
839 776 918 804 sua
967 760 1196 814 momenti,
1233 771 1273 803 et
1323 774 1375 802 eo
1426 760 1520 816 ipso

96 832 324 877 adhibendi
358 834 499 878 media
533 834 725 878 absolute
759 833 809 878 ad
843 833 886 878 id
918 833 1171 877 necessaria.
1193 830 1381 876 Aliunde
1404 846 1523 888 prae-

92 917 268 963 ceptum
318 907 500 949 caritatis
548 922 637 950 non
686 905 865 964 obligat,
917 916 963 948 ut
1011 904 1106 962 quis
1156 902 1362 961 praeferat
1412 901 1524 945 bona

93 977 296 1034 proximi,
329 976 424 1021 licet
459 978 698 1036 superioris
733 976 913 1030 ordinis,
947 976 1028 1019 nisi
1078 973 1250 1033 quando
1298 975 1522 1031 proximus

99 1047 140 1090 in
175 1060 363 1091 extrema
390 1049 641 1092 necessitate
663 1060 873 1105 versetur3
898 1063 1021 1090 secus
1044 1062 1147 1089 vero
1172 1044 1344 1103 quando
1369 1055 1524 1102 sponte

97 1118 167 1162 hic
199 1120 352 1162 mortis
386 1119 576 1177 periculo
609 1135 655 1163 se
688 1120 877 1177 exponit.
903 1136 924 1158 »
966 1119 1139 1161 Praeter
1187 1116 1287 1159 alias
1336 1116 1524 1159 rationes

94 1189 145 1234 de
178 1191 306 1248 Lugo
340 1191 396 1246 (2)
432 1191 537 1235 hanc
572 1191 697 1234 etiam
732 1189 861 1234 affert:
900 1209 922 1231 «
947 1188 1047 1232 Plus
1081 1188 1247 1232 excedit
1295 1188 1381 1230 vita
1429 1187 1522 1244 spi-

90 1261 255 1305 ritualis
290 1264 557 1320 aggressoris
590 1263 723 1305 vitam
766 1260 1049 1320 temporalem
1084 1272 1218 1316 tuam,
1251 1274 1380 1316 quam
1431 1258 1525 1301 eius

90 1334 178 1377 vita
210 1334 458 1392 temporalis
492 1333 602 1377 bona
636 1347 812 1377 externa
846 1345 930 1375 tua.
968 1333 1014 1376 Si
1047 1347 1152 1388 ergo
1204 1343 1328 1389 potes
1378 1328 1527 1373 defen-

90 1403 191 1447 dere
223 1405 354 1447 vitam
391 1403 662 1462 corporalem
698 1404 919 1461 propriam
954 1417 1052 1445 cum
1099 1400 1326 1459 dispendio
1376 1399 1523 1443 salutis

89 1488 285 1520 aeternae
329 1476 474 1519 iniusti
523 1476 805 1533 aggressori5‚
839 1491 859 1517 a
894 1472 1068 1517 fortiori
1119 1484 1243 1531 potes
1296 1471 1523 1515 defendere

91 1547 314 1591 facultates
339 1559 433 1591 tuas
460 1563 558 1590 cum
583 1544 813 1604 dispendio
836 1546 947 1588 vitae
972 1542 1206 1602 corporalis
1231 1541 1428 1586 eiusdem
1452 1557 1523 1599 ag-

95 1620 323 1677 gressoris.
341 1636 361 1658 »
391 1620 574 1675 Verum,
596 1630 643 1661 ut
667 1618 805 1675 pergit
828 1615 943 1660 idem
968 1628 1116 1658 auctor
1138 1616 1216 1673 (3),
1241 1632 1264 1654 «
1284 1615 1393 1657 circa
1416 1613 1525 1656 hanc

92 1706 342 1736 communem
375 1689 616 1734 doctrinam
650 1688 737 1732 duo
773 1686 1032 1732 advertenda
1073 1698 1187 1730 sunt.
1224 1686 1411 1729 Primum
1443 1696 1523 1738 est,

96 1762 148 1807 ad
180 1763 340 1806 licitam
374 1763 637 1806 occisionem
671 1760 776 1804 furis
812 1760 988 1818 requiri,
1022 1758 1140 1816 quod
1175 1773 1240 1801 res
1274 1772 1363 1800 non
1398 1767 1526 1814 pute-

95 1846 168 1877 tur
197 1834 317 1878 aliter
350 1849 476 1892 posse
500 1833 758 1890 recuperari,
781 1831 849 1875 vel
882 1843 993 1874 certe
1026 1830 1199 1873 nonnisi
1232 1827 1401 1872 difficile
1426 1843 1525 1870 cum

98 1906 265 1964 magnis
294 1904 538 1964 sumptibus
574 1917 614 1948 et
649 1903 901 1961 dispendiis,
935 1902 999 1945 vel
1033 1901 1217 1959 denique
1255 1899 1438 1943 dubium
1471 1899 1527 1941 sit

94 1976 149 2021 de
181 1977 519 2035 recuperatione:
552 1975 672 2019 aliter
721 1989 808 2017 non
858 1973 985 2017 habes
1029 1973 1096 2016 ius
1146 1969 1386 2028 occidendi,
1421 1985 1520 2013 cum

98 2047 208 2092 desit
239 2049 469 2093 necessitas
502 2047 595 2091 talis
645 2046 777 2090 medii
811 2045 863 2089 ad
910 2060 977 2089 res
1011 2057 1104 2088 tuas
1153 2042 1404 2087 liberandas.
1456 2041 1528 2085 Se-

95 2119 242 2175 cundo,
279 2119 505 2163 advertunt
552 2119 769 2162 Doctores
819 2116 1126 2173 communiter,
1158 2129 1247 2158 non
1293 2129 1373 2172 pro
1421 2128 1529 2171 qua-

96 2207 284 2250 cumque
316 2207 360 2235 re
392 2191 518 2235 licere
566 2188 760 2234 occidere
805 2188 1048 2245 hominem;
1083 2186 1315 2244 indignum
1365 2186 1526 2244 quippe

189 2392 243 2438 (1)
269 2391 403 2438 Comp.
429 2391 479 2427 th.
506 2401 599 2426 mor.
642 2390 716 2427 vol.
747 2400 773 2425 1.
814 2400 913 2423 num.
943 2398 1020 2435 397.
1063 2386 1120 2423 Cf.
1161 2386 1204 2421 de
1230 2386 1348 2432 Lugo,
1375 2396 1436 2431 op.
1466 2383 1529 2418 cit.

97 2450 190 2497 disp.
215 2451 261 2488 X.
286 2460 373 2487 sect.
400 2460 433 2496 9.

192 2510 245 2557 (2)
268 2512 356 2547 Loc.
384 2521 480 2546 nunc
505 2509 566 2545 cit.
594 2519 696 2543 num.
729 2516 803 2552 175.

193 2572 251 2618 (3)
280 2570 351 2619 Op.
377 2579 410 2606 et
438 2580 542 2605 num.
570 2578 666 2602 nunc
691 2567 751 2602 cit.
