1737 2802
1402 8 1405 12 ,
1425 0 1442 7 ,i
1451 2 1483 23 m
1491 0 1603 19 ¹>1:',-:·*‘'-w-›
1613 0 1696 24 ww}

1422 28 1429 38 ··
1492 31 1515 49 4.
1531 18 1549 34 Ἰ
1560 28 1561 32 ’
1571 5 1703 57 12cher

1441 59 1496 74 ’,λ
1550 56 1603 65 .,.,,
1634 57 1666 77 Ι,
1698 53 1705 61 n

771 117 1011 158 -50-

173 209 383 251 actionem
419 208 582 267 (r).—
602 209 739 253 Habet
772 225 872 253 sane
909 211 975 252 ius
1008 209 1117 252 hanc
1150 220 1429 267 potestatem,
1462 209 1600 263 immo

173 280 211 321 in
239 279 313 321 hac
346 292 553 336 potestate
588 280 823 324 formaliter
856 282 1062 324 consistit.
1086 280 1159 324 Ius
1184 281 1298 323 enim
1323 293 1387 324 est
1411 292 1598 338 potestas

172 355 368 410 exigendi
394 355 441 398 ab
465 356 554 399 aliis
579 359 865 400 omissionem
891 357 956 400 vel
981 357 1242 415 positionem
1267 357 1445 401 alicuius
1469 359 1598 403 actio·
1730 373 1737 403 ε

173 427 253 478 nis,
287 427 340 469 ita
374 441 420 470 ut
451 430 485 470 si
520 444 612 471 eam
647 444 733 471 non
769 430 968 472 omittant
1003 428 1069 472 vel
1102 441 1278 486 ponant,
1323 431 1407 474 sint
1456 445 1597 474 mora-

172 496 268 540 liter
301 499 545 553 inordinati,
579 501 662 543 sint
698 500 816 558 digni
850 499 1003 544 morali
1025 501 1241 560 yituperio
1265 517 1311 544 ac
1333 515 1487 559 poena:
1515 500 1597 545 huc

172 580 315 612 autem
352 571 460 613 redit
504 583 735 630 conceptus
780 571 1054 629 obligationis
1105 571 1282 615 moralis
1333 571 1418 632 (2).
1465 574 1598 631 Atqui

174 651 361 696 potestas
396 641 610 699 obligandi
645 655 807 686 ceteros
857 656 918 686 est
968 659 1042 701 per
1089 645 1320 698 essentiam
1368 659 1415 687 ac
1462 643 1597 687 modo

174 711 487 770 imparticipato
521 715 563 756 in
597 715 706 771 Deo,
740 715 782 757 in
815 714 904 758 aliis
938 731 1042 758 vero
1065 730 1152 758 non
1187 727 1250 758 est
1282 716 1363 759 nisi
1397 730 1472 773 per
1504 731 1597 774 par-

174 783 464 840 ticipationem
500 785 548 828 ab
583 787 678 844 ipso
700 787 793 842 ·(3).
829 787 946 844 Ergo
981 788 1046 830 ius
1081 777 1225 840 etiam,
1260 786 1376 844 quod
1409 803 1502 831 eam
1536 787 1599 830 in-

174 854 304 898 cludit
338 870 606 914 potestatem‚
641 859 682 900 in
716 859 811 901 Deo
847 858 1023 916 quidem
1048 871 1110 902 est
1135 859 1338 916 primario
1371 870 1413 902 et
1445 852 1596 902 essen-

173 925 341 982 tialiter,
376 928 416 969 in
451 928 541 971 aliis
564 945 666 973 vero
690 931 797 973 inest
831 930 1084 974 secundario
1107 944 1147 974 et
1172 947 1246 989 per
1269 930 1596 993 derivationem.

172 996 320 1054 Itaque
353 999 471 1041 Deus
506 1013 582 1054 est,
617 1002 689 1059 qui
724 1002 813 1045 iura
847 1001 1015 1044 homini
1050 1001 1228 1055 confert,
1269 1001 1335 1044 vel
1367 1001 1596 1044 immediate

172 1067 238 1111 vel
271 1069 462 1114 mediate:
499 1071 746 1115 immediate
780 1071 953 1130 quidem
977 1108 987 1126 ‚
1025 1074 1194 1131 quoties
1242 1074 1333 1130 ipse
1368 1073 1488 1116 Deus
1522 1086 1598 1129 per

170 1137 310 1196 legem
344 1157 466 1184 suam
515 1142 751 1186 naturalem
798 1143 864 1187 vel
912 1145 1137 1201 positivam
1185 1143 1380 1187 concedit
1427 1143 1595 1186 homini

171 1211 258 1252 vim
293 1227 338 1254 ac
370 1225 627 1269 potestatem
673 1215 869 1272 exigendi
923 1215 1082 1273 aliquid
1131 1231 1152 1258 a
1200 1215 1377 1258 ceteris:
1410 1213 1596 1258 mediate

169 1298 288 1339 vero,
321 1285 489 1341 quoties
522 1285 639 1328 idem
672 1299 854 1343 praestat
886 1302 961 1344 per
994 1302 1084 1344 eOS,
1107 1302 1216 1345 quos
1249 1284 1488 1329 secundum
1518 1274 1594 1329 ae-

170 1365 334 1397 ternam
368 1371 490 1398 suam
523 1357 662 1414 legem
697 1357 775 1400 sibi
808 1357 1002 1401 adiunxit
1049 1374 1153 1401 suos
1194 1357 1324 1401 veluti
1358 1358 1597 1412 ministros²

171 1440 360 1484 suosque
391 1427 431 1468 in
468 1426 699 1471 hominum
732 1428 1040 1486 gubernatione
1084 1429 1290 1473 mundive
1324 1428 1595 1472 administra·

174 1496 291 1539 tione
325 1512 641 1556 cooperatores.

291 1570 500 1627 Apposite
541 1571 756 1629 Taparelli
803 1571 899 1632 (4):
937 1573 1041 1616 «Se
1089 1573 1131 1614 io
1179 1571 1369 1615 secondo
1417 1573 1594 1629 ragiOne

267 1757 322 1801 (1)
350 1757 407 1791 Ius
432 1757 503 1791 duo
530 1767 698 1803 praestat.
725 1758 782 1792 dat
811 1762 1014 1805 potestatem
1056 1759 1117 1792 uni
1155 1758 1306 1803 (italice,
1346 1756 1588 1803 l'autorizza),

174 1818 332 1864 imponit
358 1818 596 1864 obligationem
624 1818 762 1853 ceteris.
789 1819 886 1853 Haec
905 1826 986 1852 sunt
1006 1817 1077 1852 duo
1098 1819 1183 1852 iuris
1202 1817 1396 1853 elementa.
1423 1817 1499 1852 Iam
1519 1818 1594 1864 pri-

174 1889 289 1920 mum,
319 1878 415 1924 quod
444 1878 638 1921 attulimus,
664 1888 920 1923 argumentum
947 1878 1165 1924 procedebat
1203 1889 1245 1912 ex
1285 1877 1449 1924 inspecto
1476 1877 1593 1923 primo

175 1938 260 1972 iuris
287 1937 482 1975 elemento,
511 1938 1036 1984 potestatis'(autorizzazione)
1062 1949 1130 1984 qua
1156 1938 1209 1972 ius
1234 1938 1376 1972 instruit
1401 1948 1592 1983 personam

173 1997 346 2044 aliquam:
358 2009 451 2031 nunc
463 2007 582 2033 autem
598 1998 816 2043 exinspecto
827 1997 942 2032 altero
958 1998 1046 2035 juris
1065 1997 1261 2040 elemento,
1271 1997 1507 2044 obliga‘tionis
1525 2008 1594 2043 qua

173 2057 264 2093 alios
277 2057 665 2103 adstri1igit‚alterum‚
689 2058 785 2104 quod
805 2057 918 2092 modo
939 2057 1163 2100 subiicimus,
1177 2065 1433 2103 argumentum
1448 2057 1592 2092 eruitur.

268 2119 325 2163 (2)
355 2116 414 2153 Cf.
443 2128 560 2163 super.
587 2117 659 2151 vol.
691 2128 718 2151 1.
745 2117 836 2151 thes.
853 2117 1022 2152 XXXIX.

267 2178 324 2222 (3)
353 2176 408 2212 Cf.
437 2178 480 2211 ib.
508 2176 596 2211 thes.
623 2177 699 2212 XL.

270 2237 327 2281 (4)
351 2236 478 2281 Saggio
505 2243 584 2272 teor.
613 2236 751 2271 dissert.
778 2236 824 2271 II.
851 2247 879 2270 c.
907 2235 971 2270 111.
1001 2246 1102 2270 num.
1132 2244 1210 2280 347.
1246 2255 1288 2261 --
1325 2234 1432 2278 Quod
1465 2235 1538 2270 iura
1576 2246 1596 2269 a

173 2296 268 2342 lege,
297 2305 333 2330 ut
360 2307 379 2329 a
405 2295 595 2341 princip²o‚
625 2295 821 2337 dimanent,
849 2307 891 2330 ex
907 2306 951 2329 eo
969 2303 1089 2340 potest
1111 2294 1219 2329 etiam
1239 2293 1377 2337 deduci,
1396 2294 1492 2341 quod
1512 2305 1596 2329 cum

174 2356 246 2391 duo
273 2355 440 2390 homines
465 2356 508 2389 de
536 2356 609 2390 iure
636 2354 756 2402 aliquo
785 2355 878 2389 inter
903 2365 940 2389 se
984 2362 1134 2395 certant,
1171 2359 1245 2389 uter
1278 2354 1334 2388 ius
1369 2353 1500 2397 habeat,
1538 2353 1595 2389 vel

174 2419 344 2461 quantum
370 2415 624 2460 uniuscuiusque
650 2415 700 2447 ius
726 2425 757 2448 se
779 2415 943 2461 porrigat
986 2421 1051 2448 etc.
1090 2413 1210 2448 statim
1254 2412 1299 2448 ad
1335 2412 1456 2459 legem
1493 2423 1532 2448 se
1557 2423 1596 2448 se

175 2483 392 2509 convertunt
420 2481 451 2508 et
481 2485 523 2508 ex
550 2484 591 2507 ea
619 2473 720 2507 litem
753 2472 921 2508 dirimere
950 2479 1139 2507 conantur.
1182 2473 1248 2507 Hic
1287 2471 1417 2519 agendi
1453 2470 1596 2514 modus,

175 2544 281 2579 quem
309 2544 437 2568 omnes
464 2542 588 2567 natura
616 2533 706 2566 duce
734 2541 941 2579 sequuntur,
976 2530 1071 2565 clare
1114 2531 1286 2574 ostendit,
1321 2530 1492 2565 omnibus
1516 2540 1594 2565 esse

174 2593 387 2627 naturaliter
413 2600 636 2638 perspectum
664 2591 735 2626 lioc
762 2600 880 2626 rectae
907 2591 1054 2626 rationis
1080 2590 1308 2637 principium,
1329 2589 1467 2636 fontem*
1488 2589 1596 2637 prin-

177 2653 364 2699 cipiumque
390 2652 516 2685 {urium
543 2662 606 2686 esse
632 2651 748 2697 legem.
