1737 2802
194 196 269 239 III.
303 197 471 240 Votum
519 208 582 238 est
624 194 744 237 valde
793 195 1046 238 meritorium
1093 193 1204 250 apud
1251 194 1409 236 Deum.
1444 218 1505 227 —-

76 266 246 310 Etenim
279 279 396 310 actus
429 267 597 309 virtutis
621 278 721 309 sunt
745 278 860 309 actus
886 265 1095 309 meritorii
1118 263 1229 322 apud
1254 265 1398 308 Deum
1423 264 1498 321 (1).

74 339 222 396 Atqui,
245 351 291 382 ut
314 339 399 381 iam
424 338 623 391 diximus,
647 350 797 381 votum
833 350 895 380 est
917 350 1033 380 actus
1058 337 1223 379 virtutis
1259 335 1494 392 religionis.

75 410 192 468 Ergo
224 422 375 469 votum
411 422 474 453 est
503 411 777 453 meritorium
803 408 915 467 apud
950 410 1108 452 Deum.
1131 409 1224 452 Nec
1247 407 1500 465 simpliciter

76 482 364 539 meritorium,
398 481 472 524 sed
507 482 625 524 valde
660 483 909 524 meritorimn
945 493 1008 523 est
1040 492 1204 523 votum.
1239 480 1378 522 Primo
1407 479 1500 536 qui-

75 553 189 609 dem,
225 554 320 612 quia
353 554 487 596 virtus
523 553 761 610 religionis,
787 554 906 595 cuins
940 564 1055 594 actus
1079 563 1141 594 est
1164 562 1334 604 votum,
1361 551 1496 593 virtus

75 638 138 670 est
170 626 394 684 praecipua
423 627 531 668 inter
554 627 735 668 virtutes
770 624 967 667 morales.
1001 615 1178 666 Se05ma⁷0
1212 635 1374 675 autem,
1400 623 1500 680 qnia

75 708 227 739 votum
261 711 346 739 non
386 696 540 738 minuit
575 696 748 753 quidem
792 694 1027 738 libertatem
1075 692 1392 747 indifferentiae,
1425 692 1499 736 sed

74 768 231 810 minuit
261 767 327 810 vel
362 766 472 810 tollit
506 766 738 810 libertatem
776 766 824 810 ab
859 766 1135 823 obligatione:
1160 766 1322 822 privare
1356 776 1499 807 autem

74 853 119 882 se
165 837 242 881 hac
285 837 475 881 libertate
527 852 702 897 propter
750 839 910 893 Deum,
947 850 1009 880 est
1055 837 1173 880 valde
1223 836 1498 879 meritorium

73 909 185 968 apud
217 911 365 968 Ipsum
400 910 474 967 (2).
509 936 565 943 —
599 912 694 954 lmo
719 911 857 968 facere
893 909 995 952 idem
1034 917 1133 966 opus
1164 924 1254 952 cnm
1303 916 1395 951 voto
1430 915 1498 961 est,

165 1127 220 1174 (1)
247 1127 302 1163 Cf.
330 1139 446 1174 super.
475 1128 548 1164 vol.
579 1129 605 1162 Ι.
636 1129 725 1163 thes.
753 1129 903 1164 XXVII.
935 1140 1016 1174 pag.
1048 1128 1126 1163 228.
1423 1177 1425 1179 Ι

165 1189 222 1234 (2)
249 1188 340 1223 Vide
367 1189 506 1231 Suarez,
534 1188 576 1223 de
603 1198 690 1224 voto
720 1189 740 1222 l.
762 1189 784 1223 I.
807 1201 837 1224 c.
874 1188 922 1223 18.
952 1200 1052 1223 num.
1071 1199 1106 1235 9.
1129 1187 1182 1223 Cf.
1204 1199 1281 1234 cap.
1316 1197 1367 1232 17.
1386 1199 1420 1222 n.
1445 1189 1498 1227 162

70 1249 105 1282 in
131 1258 293 1294 respons.
319 1247 362 1282 ad
391 1254 444 1292 3¹¹¹.
471 1267 517 1274 —-
543 1249 728 1283 Praeclare
755 1250 904 1291 Dantes,
932 1250 1007 1284 Par.
1037 1248 1095 1282 V.:

259 1342 312 1378 Lo
341 1343 509 1389 maggior
535 1342 618 1385 don,
646 1344 711 1378 che
737 1345 808 1378 Dio
838 1355 900 1389 per
926 1355 986 1378 sua
1017 1343 1202 1390 larghezza

357 1403 462 1437 Fesse
490 1403 660 1446 creando,
689 1416 707 1438 e
733 1404 803 1438 alla
832 1415 893 1438 sua
921 1405 1071 1439 bontate

358 1463 423 1498 Ρίὺ
449 1462 692 1505 conformato,
719 1476 738 1498 e
765 1464 847 1510 quel
875 1464 930 1497 ch’
950 1463 981 1498 ei
1010 1463 1069 1509 pin
1097 1474 1281 1509 apprezza,

262 1523 313 1558 Fu
341 1523 435 1558 della
461 1525 613 1558 volonta't
641 1524 673 1558 la
701 1524 879 1567 libertate,

360 1583 406 1618 Di
435 1582 499 1617 che
525 1584 558 1618 le
586 1594 746 1619 creature
775 1584 995 1631 intelligenti

356 1642 384 1676 E
410 1651 501 1677 tutte
527 1654 546 1678 e
572 1642 649 1678 sole
676 1644 754 1678 furo
780 1656 798 1678 e
824 1656 891 1678 son
919 1644 1051 1679 dotate.

263 1701 318 1738 Or
342 1703 369 1736 ti
396 1705 507 1748 parmi,
536 1714 573 1737 se
600 1713 636 1738 tu
664 1705 783 1750 quinci
810 1705 1028 1750 argomenffi,

358 1761 482 1796 L'ssilto
512 1763 613 1797 valor
639 1762 694 1797 del
724 1772 823 1806 voto,
850 1764 876 1797 s'
896 1766 915 1798 e
942 1765 970 1797 s'1
1000 1762 1104 1807 fatto,

360 1821 438 1856 Che
465 1821 538 1856 Dio
564 1832 737 1857 consenta
765 1822 907 1870 quando
936 1832 974 1857 tu
1002 1824 1178 1865 consenti;

263 1880 351 1924 Che,
378 1882 438 1916 nel
465 1881 597 1917 ferinar
623 1891 675 1917 tra
702 1883 772 1918 Dio
801 1894 819 1917 e
846 1883 985 1918 l'uomo
1013 1882 1036 1916 il
1063 1892 1176 1929 patto,

356 1940 511 1976 Vittima
537 1940 619 1976 fassi
647 1941 680 1976 di
708 1952 834 1989 questo
861 1951 999 1985 tesoro,

357 1999 426 2035 Tal
453 2001 537 2047 qual
563 2003 598 2036 io
625 2002 716 2045 dico,
744 2014 762 2037 e
791 2001 872 2037 fassi
902 2002 960 2036 col
987 2013 1052 2037 suo
1080 2011 1170 2039 atto.

260 2060 416 2107 Dunque
443 2060 509 2095 che
536 2060 664 2095 render
691 2061 815 2107 puossi
844 2073 906 2107 per
933 2062 1091 2097 ristoro?

355 2120 401 2155 Se
427 2121 521 2155 credi
549 2122 640 2156 bene
667 2133 747 2156 usar
773 2121 853 2168 quel
880 2121 908 2156 c'
928 2121 988 2157 hai
1015 2122 1158 2166 offerto,

356 2179 401 2214 Di
430 2179 502 2214 mal
527 2180 674 2216 tolletto
701 2182 785 2215 vuoi
811 2180 865 2216 far
892 2183 990 2216 buon
1018 2181 1156 2217 lavoro.

69 2272 246 2309 Valorem
271 2274 357 2315 voti,
374 2275 531 2311 ostendit
559 2276 699 2312 Dantes
725 2289 766 2312 ex
787 2278 1002 2312 excellentia
1029 2277 1130 2312 liberi
1149 2278 1297 2322 arbitrii,
1317 2277 1412 2325 quod
1431 2289 1497 2324 per

68 2340 196 2367 votum
223 2333 380 2380 ligamus
406 2335 606 2379 moraliter,
634 2336 756 2383 sicque
783 2337 971 2372 moraliter
997 2336 1150 2384 ligatum
1186 2336 1374 2372 offerimus
1414 2339 1497 2373 Deo

69 2399 255 2438 tamquam
281 2392 479 2432 victimam.
505 2394 547 2429 Et
574 2403 670 2430 recte
697 2395 855 2442 quidem:
885 2395 1067 2431 excellens
1093 2396 1190 2431 enim
1218 2406 1271 2432 est
1305 2397 1374 2432 dos
1406 2397 1497 2434 haec

70 2450 173 2486 liberi
199 2451 348 2488 arbitrii.
375 2452 443 2487 Per
471 2453 622 2488 liberum
650 2455 835 2490 arbitrium
862 2456 978 2491 homo
1014 2456 1134 2491 evadit
1160 2454 1315 2491 dominus
1347 2468 1497 2494 suorum

69 2519 230 2552 actuum.
258 2513 327 2548 Per
352 2512 506 2548 liberum
533 2514 718 2549 arbitrium
745 2515 858 2550 horno
898 2515 1018 2551 differt
1045 2528 1064 2551 a
1091 2517 1204 2552 brutis
1243 2516 1352 2564 quoad
1390 2517 1500 2564 ipsum

70 2569 234 2617 operandi
257 2570 407 2615 modum,
436 2573 517 2620 quia
543 2573 695 2617 scilicet,
716 2585 820 2610 secus
844 2586 888 2610 ac
915 2575 1028 2619 bruta,
1047 2577 1122 2623 agit
1140 2588 1224 2612 cum
1252 2575 1495 2625 indifferentia
