1737 2802
1485 0 1488 5 “
1506 0 1509 1 ’
1533 3 1546 38 :g
1552 0 1622 32 ’,μὴ
1630 0 1690 36 :jz-1

240 213 343 256 dum
377 223 520 254 autem
545 222 607 252 est
629 208 869 252 derivatum
903 208 955 251 ad
987 216 1128 260 artem,
1153 222 1234 265 qua
1261 206 1537 263 cognoscitur
1561 204 1666 264 quid

239 284 292 325 sit
329 282 507 324 iustum.
540 306 600 312 -—
633 280 684 322 Et
714 278 893 321 ulterius
917 277 968 321 ad
993 276 1323 335 significandum
1347 278 1491 333 locum,
1514 277 1556 320 in
1580 290 1671 334 quo

237 355 302 396 ius
339 351 549 407 redditur,
585 352 694 394 sicut
729 349 884 393 dicitur
917 350 1070 407 aliquis
1105 364 1354 407 comparere
1394 349 1437 392 in
1471 349 1576 392 iure.
1613 372 1667 380 --

239 425 290 469 Et
321 423 499 467 ulterius
535 424 692 467 dicitur
728 423 873 474 etiam,
909 421 1027 479 quod
1061 421 1126 463 ius
1160 419 1354 464 redditur
1402 419 1450 463 ab
1498 434 1569 473 eo,
1618 417 1670 462 ad

237 497 355 540 cuius
390 494 581 538 officium
622 495 809 551 pertinet
843 493 1051 535 iustitiam
1086 491 1235 549 facere,
1281 491 1384 535 licet
1433 491 1560 534 etiam
1607 489 1669 548 id,

235 566 354 625 quod
388 566 595 621 decernit,
631 565 684 606 sit
718 565 917 622 iniquum
943 582 981 607 ».

357 640 486 682 Hisce
519 636 659 681 verbis
697 649 780 680 tres
816 636 934 691 aliae,
967 649 1013 679 ut
1062 648 1187 694 patet,
1222 635 1491 692 assignantur
1538 648 1664 677 acce-

237 712 408 769 ptiones
442 711 557 753 iuris.
594 734 650 742 -
683 709 908 753 Nimirum
948 708 1020 765 1.⁰)
1053 708 1118 751 ius
1153 706 1412 765 quandoque
1456 704 1669 764 significat

234 784 371 841 ipsam
406 795 557 832 artem,
592 796 675 839 qua
708 779 966 824 discernitur
999 779 1102 838 quid
1146 780 1199 822 sit
1224 779 1402 834 iustum,
1425 792 1500 821 seu
1525 777 1666 835 ipsam

235 855 380 912 legum
415 866 455 896 et
489 853 591 895 iuris
626 852 870 896 scientiam:
905 866 992 909 quo
1028 863 1150 908 pacto
1183 851 1250 893 ius
1299 848 1459 906 accepit
1506 846 1669 891 Celsus

236 923 572 969 iurisconsultus
595 922 667 981 (1)
703 923 920 980 inquiens,
941 920 1059 979 quod
1092 922 1155 964 ins
1193 929 1249 964 est
1271 935 1340 964 ars
1365 919 1459 962 boni
1479 927 1515 962 et
1535 919 1671 977 aequi.

242 998 499 1054 —Insuper
524 995 606 1053 λθ)
642 996 707 1037 ius
742 992 966 1037 adhibetur
1000 993 1127 1036 etiam
1161 990 1213 1035 ad
1245 989 1576 1048 significandum
1609 988 1674 1032 lo-

235 1084 348 1121 cum,
373 1068 416 1110 in
440 1083 527 1125 quo
552 1066 761 1109 iudicium
796 1077 1017 1108 exercetur
1051 1079 1126 1107 seu
1155 1063 1366 1106 sententia
1389 1061 1556 1114 dicitur,
1579 1075 1669 1118 quo

237 1154 367 1182 sensu
404 1137 635 1182 Cornelius
669 1137 818 1194 Nepos
842 1135 908 1194 (2)
943 1134 1049 1178 dixit
1097 1133 1148 1177 de
1181 1135 1340 1178 Attico:
1382 1151 1402 1175 «
1423 1134 1473 1177 In
1506 1133 1572 1176 ius
1620 1131 1675 1175 de

235 1225 311 1253 sua
343 1226 386 1253 re
421 1224 659 1266 numquam
693 1208 769 1250 ivit
793 1225 833 1250 ».
853 1232 909 1239 —
928 1205 1170 1250 Adhibetur
1188 1206 1330 1249 etiam
1357 1204 1438 1263 3.⁰)
1461 1202 1513 1248 ad
1536 1203 1669 1260 signi-

234 1280 447 1324 ficandam
480 1281 617 1337 ipsam
651 1279 907 1322 sententiam
942 1293 1029 1321 non
1063 1276 1196 1320 modo
1231 1278 1388 1320 iustam
1431 1275 1506 1319 sed
1538 1276 1668 1318 etiam

235 1353 456 1408 iniustam,
492 1363 689 1410 respectu
724 1366 881 1408 nempe
915 1348 1057 1392 habito
1092 1364 1181 1392 non
1214 1348 1265 1392 ad
1299 1347 1344 1391 id
1392 1347 1510 1406 quod
1541 1346 1671 1390 iudex
1733 1343 1737 1346 ⁴

235 1425 345 1481 facit,
379 1424 453 1468 sed
486 1423 537 1467 ad
572 1423 614 1467 id
647 1422 763 1480 quod
799 1421 923 1465 debet
955 1420 1104 1465 facere.
1142 1421 1291 1473 Quam
1336 1434 1429 1463 rem
1462 1419 1524 1462 sic
1570 1417 1667 1461 ani-

1716 93 1722 96 *
1706 0 1737 76 ‚RN

237 1496 464 1540 madvertit
487 1496 644 1539 Paulus
669 1493 1002 1538 iurisconsultus
1026 1493 1116 1552 (3):
1149 1510 1169 1533 «
1190 1493 1368 1536 Praetor
1403 1505 1577 1549 quoque
1599 1490 1668 1532 ius

236 1567 413 1612 reddere
446 1567 615 1621 dicitur,
649 1567 780 1610 etiam
816 1581 914 1609 cum
950 1566 1094 1623 inique
1129 1563 1332 1617 decernit,
1356 1556 1561 1606 relatione
1587 1561 1670 1604 sci-

234 1639 332 1683 licet
365 1639 488 1691 facta,
522 1654 611 1681 non
644 1637 695 1681 ad
727 1637 784 1694 id,
813 1636 936 1695 ¹quod
971 1637 1027 1679 ita
1061 1637 1241 1679 Praetor
1274 1634 1389 1691 fecit,
1420 1633 1495 1676 sed
1527 1631 1579 1676 ad
1612 1630 1671 1675 il-

235 1710 324 1765 iud,
358 1710 474 1769 quod
508 1712 759 1754 Praetorem
793 1709 928 1752 facere
970 1708 1237 1751 convenit».
1271 1707 1390 1749 Haec
1439 1705 1491 1749 de
1539 1705 1668 1748 variis

236 1782 342 1826 iuris
376 1781 694 1841 acceptionibus
736 1795 1102 1824 commemorasse
1136 1778 1316 1832 sufficiat
1341 1776 1428 1836 (4).

331 1987 387 2031 (1)
417 1986 456 2021 L.
489 1997 517 2021 1.
543 1984 580 2019 ff.
609 1984 652 2019 de
678 1984 764 2019 Iust.
795 1992 829 2017 et
859 1983 951 2017 Iure.

330 2046 383 2090 (2)
412 2046 517 2080 Attic.
545 2043 577 2079 6.
605 2043 660 2078 De
687 2054 754 2089 qua
782 2042 970 2077 locutione
995 2042 1044 2075 sic
1070 2042 1213 2079 Suara,
1229 2039 1253 2073 1.
1273 2051 1302 2074 c.
1322 2051 1422 2075 num.
1438 2038 1495 2073 8.:
1520 2051 1538 2071 «
1557 2037 1666 2084 Apud

237 2105 387 2139 Latinos
413 2104 463 2139 ire
488 2105 528 2137 in
554 2105 616 2147 ius,
643 2104 738 2137 idem
768 2111 820 2137 est
847 2102 942 2148 quod
970 2101 1013 2135 ad
1040 2100 1266 2136 Praetorium
1304 2110 1367 2135 seu
1407 2098 1532 2134 sedem
1556 2099 1667 2135 Prae-

238 2162 326 2196 toris
354 2163 403 2197 ire
432 2176 463 2196 ».
490 2162 658 2197 Referam
686 2160 743 2194 hic
784 2170 872 2195 nota
910 2159 970 2194 illa
1008 2158 1217 2194 Aristotelis
1255 2159 1378 2200 verba,
1406 2157 1522 2192 Ethic.
1547 2157 1593 2192 V.
1619 2167 1696 2200 4.:.

236 2224 284 2256 Τὸ
313 2221 409 2256 δ’ἐπὶ
428 2221 485 2256 τὸν
514 2223 694 2259 δικαστὴν
725 2221 813 2255 ἰέναι
841 2220 930 2254 {Ii-am
957 2222 1056 2254 ἐστὶν
1085 2219 1143 2253 ἐπὶ
1167 2220 1208 2253 τὸ
1231 2218 1387 2253 δίκαιον·
1432 2216 1538 2263 ὁγὰρ
1563 2217 1666 2252 δικα-

236 2281 315 2319 στής
340 2280 503 2326 ‘Bahman
527 2280 623 2313 εἷνίι
652 2276 724 2315 οἷον
750 2279 892 2314 ffb-amau
914 2278 1091 2325 ἔμψυχον.
1121 2278 1178 2313 Ad
1206 2277 1364 2312 iudicem
1395 2285 1517 2313 autem
1546 2277 1596 2311 ire
1614 2284 1667 2311 est

237 2341 287 2374 ire
315 2338 360 2373 ad
386 2339 451 2372 ius:
482 2338 588 2372 iudex
618 2338 714 2373 enim
742 2337 883 2373 videtur
910 2348 1001 2372 esses
1014 2337 1115 2383 quasi
1143 2337 1197 2371 ius
1223 2337 1436 2372 animatum.

334 2398 390 2445 (3)
415 2397 457 2432 L.
492 2409 521 2432 1.
552 2397 587 2433 ff.
615 2398 658 2432 de
686 2399 772 2433 Iust.
800 2407 834 2432 et
860 2397 952 2432 Iure.

334 2457 388 2502 (4)
415 2456 508 2491 Cum
536 2467 663 2491 omnes
689 2458 775 2491 iuris
801 2457 1032 2503 acceptiones
1059 2456 1155 2491 clare
1183 2464 1370 2490 enumeret
1408 2453 1451 2490 de
1486 2452 1668 2496 Valentia,

239 2517 367 2552 iuverit
392 2517 468 2550 eius
496 2517 604 2551 verba
630 2516 686 2550 hic
715 2517 890 2552 subiicere
911 2528 917 2549 :
949 2534 964 2544 ι·
989 2514 1110 2550 Prima
1134 2515 1221 2550 iuris
1248 2514 1465 2550 vocabulum
1491 2524 1568 2548 non
1601 2523 1666 2546 ac·-

239 2576 393 2621 cipimus
412 2576 447 2610 in
464 2575 530 2610 hac
548 2575 802 2621 disputatione,
818 2585 855 2611 ut
875 2574 1052 2622 significat
1068 2574 1239 2622 quidquid
1257 2575 1383 2621 quovis
1399 2572 1511 2609 modo
1528 2573 1668 2608 bonum
