1737 2802
144 215 377 271 tentiones,
410 215 561 272 iurgia,
595 214 808 272 querelae,
832 215 963 266 rixae,
999 211 1163 270 aliaque
1186 209 1448 263 huiusmodi·
1468 209 1583 252 mala

147 287 392 330 necessario
425 287 658 329 orirentur.
681 286 714 329 E
738 285 955 328 contrario
978 295 1131 326 autem
1158 279 1584 324 multa-tollerentur

150 354 268 410 bona,
296 372 343 399 ac
375 357 603 414 praecipue
627 355 853 399 assiduitas
877 355 944 398 illa
967 354 1018 398 ad
1041 353 1234 397 laborem
1257 352 1411 410 illaque
1444 352 1583 394 scien«

148 429 305 471 tiarum
341 438 381 469 et
404 427 561 469 artium
585 426 769 484 diligens
804 426 984 482 cultura,
1008 442 1029 468 a
1053 425 1209 483 quibus
1234 423 1448 466 humanae
1470 423 1581 465 vitae

149 497 413 556 prosperitas
452 496 678 554 dependet.
712 497 868 540 Nullus
902 497 1017 539 enim
1051 495 1217 538 adesset
1264 493 1450 551 amplius
1498 493 1580 535 sti-

149 567 295 611 mulus
330 569 496 626 privato
530 567 664 611 labori
698 582 739 611 et
774 567 1021 612 industriae:
1044 566 1260 624 siquidem
1295 565 1498 607 homines
1520 563 1583 605 vi-

151 638 315 691 derent,
351 655 410 691 se,
445 640 523 682 etsi
557 640 695 696 magis
730 640 772 681 in
806 638 997 682 laborem
1036 637 1285 680 incumbant
1331 649 1372 679 et
1422 634 1585 679 artibus

151 710 429 767 scientiisque
453 710 763 767 promovendis
789 710 891 752 dent
915 725 1109 766 operam,
1133 724 1219 751 non
1243 720 1388 750 tamen
1423 708 1582 751 idcirco

152 780 272 838 plura
305 797 397 824 esse
423 793 733 824 consecuturos
771 783 895 836 bona,
919 780 994 823 sed
1017 781 1181 837 proprii
1205 779 1360 822 laboris
1395 778 1583 822 fructum

152 867 251 894 cum
275 851 381 907 aliis,
405 854 478 911 qui
502 854 642 896 otiose
666 854 864 907 vixerint,
889 852 1078 895 dividere
1107 850 1260 894 debere
1283 850 1365 909 (1).
1392 876 1448 884 —·
1471 851 1584 894 Bre-

149 924 261 966 vius:
295 923 481 966 admissa
515 923 678 981 aequali
717 923 932 966 bonorum
970 924 1080 965 inter
1114 924 1317 979 privatos
1339 921 1585 978 partitione,

151 1007 297 1038 actum
331 995 513 1036 omnino
540 994 650 1037 foret
673 993 724 1037 de
747 1003 842 1052 pace
867 1006 907 1037 et
928 995 1198 1051 prosperitate
1222 992 1434 1035 humanae
1459 993 1582 1035 vitae.

154 1065 239 1109 Sed
264 1065 370 1108 hanc
404 1081 554 1123 pacem
578 1079 617 1109 et
643 1067 973 1123 prosperitatem
1006 1064 1188 1107 intendit
1221 1080 1266 1106 ac
1299 1064 1389 1106 vult
1423 1075 1586 1106 natura.

154 1138 270 1194 Ergo
305 1150 454 1179 natura
477 1136 697 1194 aequalem
733 1136 951 1179 bonorum
977 1137 1254 1193 partitionem
1290 1136 1426 1178 reiicit
1459 1147 1585 1192 atque

153 1207 353 1251 excludit:
388 1220 428 1250 et
461 1224 483 1250 e
518 1208 735 1250 contrario
770 1208 953 1249 omnino
982 1206 1170 1249 admittit
1204 1220 1329 1260 atque
1363 1205 1593 1263 approbat,>

153 1278 272 1335 quod
306 1277 416 1320 bona
450 1279 535 1320 sint
568 1277 847 1335 inaequaliter
882 1278 990 1319 inter
1034 1278 1222 1334 privatos
1272 1276 1420 1320 divisa.
1468 1277 1588 1319 Patet

152 1365 204 1392 ex
237 1350 377 1405 dictis,
416 1365 544 1406 quam
596 1349 754 1391 merito
804 1348 848 1390 de
897 1348 1136 1405 aequatione
1186 1347 1384 1390 bonorum
1432 1338 1586 1389 dixerit

153 1419 327 1464 Tullius
365 1420 444 1478 <2):
488 1421 618 1462 «Hac
652 1432 771 1477 peste
805 1435 911 1476 quae
946 1431 1088 1476 potest
1123 1435 1214 1462 esse
1249 1419 1417 1461 maior?
1442 1437 1464 1456 ›>

242 1605 297 1650 (1)
328 1604 595 1649 Aristophanes
623 1604 658 1637 in
686 1603 754 1637 alia
784 1603 988 1644 comoedia,
1016 1604 1074 1636 cui
1102 1603 1227 1637 titulus
1256 1604 1417 1643 [Uo-3703
1446 1602 1585 1637 inducit

150 1664 392 1707 Paupertatem
420 1673 653 1697 enarrantem
682 1664 791 1703 bona,
820 1674 911 1708 quae
938 1661 1100 1696 humano
1129 1662 1250 1706 generi
1270 1661 1345 1706 ipsa
1373 1660 1489 1696 affert:
1515 1672 1538 1694 «
1552 1661 1589 1695 Si

151 1723 279 1757 Plutus
306 1722 350 1756 de
378 1723 521 1765 integro
551 1730 673 1755 cernat
702 1721 893 1754 distribuat
912 1732 967 1754 zue
1007 1720 1205 1766 aequaliter
1245 1731 1338 1762 sese,
1367 1731 1435 1755 nec
1474 1729 1589 1754 artem

155 1782 268 1816 ullam
297 1793 362 1815 nec
384 1781 574 1816 scientiam
604 1782 790 1827 quisquan]
811 1780 1003 1814 hominum
1032 1779 1139 1815 colet.
1158 1781 1345 1814 Ambabus
1372 1788 1495 1814 autem
1513 1779 1592 1816 istis

155 1853 219 1888 per
243 1852 310 1875 vos
336 1841 498 1881 sublatis,
528 1841 607 1885 quis
635 1840 732 1874 volet
761 1838 895 1873 ferrum
937 1839 1083 1881 cudere,
1110 1849 1169 1874 aut
1207 1850 1316 1873 naves
1344 1839 1591 1887 compingere,

155 1909 218 1934 aut
245 1909 361 1934 vestes
388 1911 578 1936 consuere,
607 1908 665 1933 aut
692 1908 788 1933 rotas
818 1898 948 1940 facere,
975 1908 1033 1933 aut
1063 1900 1190 1933 lateres
1230 1903 1487 1944 coquere,'aut
1528 1909 1592 1932 ve-

155 1959 327 1994 stimenta
356 1958 481 2005 polire,
509 1968 567 1992 aut
595 1959 693 1992 coria
720 1969 903 1992 macerare
940 1966 1056 1993 etc.....
1095 1959 1173 2004 Ego
1212 1966 1401 2004 tamquam
1441 1957 1591 1992 domina

155 2018 313 2059 assideo,
336 2029 470 2063 cogens
498 2017 682 2063 opificem,
703 2027 739 2051 ut
767 2027 915 2062 propter
942 2026 1144 2062 egestatem
1165 2025 1198 2050 et
1225 2017 1412 2062 penuriam
1441 2025 1591 2063 quaerat

155 2078 249 2113 unde
275 2079 415 2112 victum
443 2078 586 2112 habeat.
605 2093 621 2108 »
659 2099 688 2103 ⁷-
725 2078 922 2112 Obiicienti
952 2086 1073 2112 autem
1101 2077 1287 2112 sorditiem
1315 2077 1455 2124 aliaque
1483 2077 1593 2120 mala,

157 2149 246 2184 quae
285 2137 452 2171 comitari
493 2137 612 2171 solent
651 2146 915 2182 paupertatem,
944 2135 1032 2170 haec
1073 2136 1120 2170 ita
1147 2147 1184 2170 se
1211 2147 1248 2170 se
1281 2135 1456 2171 defendit:
1501 2136 1592 2172 «Tu

157 2195 302 2242 quidem
330 2207 448 2229 meam
478 2197 588 2229 vitam
617 2206 691 2229 non
720 2195 947 2228 memorasti:
975 2193 1076 2229 illam
1105 2203 1224 2241 autem
1253 2194 1510 2242 mendicorum,
1534 2205 1593 2228 ex-

155 2255 298 2300 agitasti
305 2281 359 2289 .....
387 2254 546 2289 Mendici
576 2255 648 2289 vita
676 2263 741 2298 est,
768 2255 887 2287 vivere
916 2252 1006 2286 nihil
1034 2253 1241 2288 habentem:
1269 2257 1434 2300 pauperis
1470 2244 1592 2287 autem

156 2313 276 2348 vivere
304 2325 420 2358 parce,
449 2314 633 2347 laboribus
660 2313 859 2354 addictum3
889 2312 978 2346 nihil
1006 2312 1152 2359 quidem
1180 2313 1211 2346 ei
1239 2323 1438 2358 superesse,
1466 2323 1593 2347 verum

157 2372 265 2407 etiam
294 2372 384 2405 nihil
413 2371 584 2406 deesse.»

254 2430 310 2476 (2)
336 2432 390 2466 De
420 2431 479 2466 off.
509 2431 553 2465 11.
583 2440 635 2466 21.
664 2450 708 2457 —
737 2431 970 2473 Aristoteles,
1001 2431 1144 2466 Politic.
1171 2431 1215 2466 II.
1252 2442 1300 2475 4.,
1330 2433 1490 2468 examini
1529 2444 1592 2467 su-

157 2489 259 2524 biicit
286 2491 554 2536 rempublicam
595 2489 750 2526 Phaleae
791 2490 1039 2533 Chalcedonii,
1067 2490 1128 2537 qui
1165 2490 1236 2525 hoc
1276 2491 1417 2527 induxit
1444 2493 1594 2539 primus,

158 2550 286 2584 civium
306 2550 527 2596 possessiones
554 2549 674 2584 debere
699 2560 762 2583 esse
788 2549 954 2596 aequales,
982 2549 1088 2596 idque
1115 2549 1159 2584 ad
1186 2550 1356 2586 vitandas
1382 2551 1603 2592 seditiones„

158 2609 273 2645 Multa
299 2618 433 2653 autem,
461 2621 552 2656 quae
579 2609 713 2644 utiliter
739 2609 916 2655 legentur,
945 2609 987 2644 de
1014 2610 1081 2644 hac
1109 2611 1289 2645 sententia
1324 2610 1592 2646 animadvertit.
