1737 2802
1483 0 1500 3 ”’
1515 0 1737 51 '‘f'<⁵'{{*³⁵2[7;5³>'·ss'?*]

1467 46 1470 48 ,
1579 49 1583 52 Δ
1614 38 1737 62 -‚·::·,·

689 95 929 138 -23-

96 192 251 234 dicitur
268 193 581 235 comminativa.
607 192 774 234 Iustum
792 207 894 234 vero
918 206 992 249 per
1018 190 1315 248 aequalitatem
1339 187 1520 249 proporss

96 262 342 306 tionalimtis
373 264 630 319 geometricae
664 275 726 305 est
762 263 925 305 iustum
959 278 1034 320 per
1056 261 1353 319 aequalitatem
1385 262 1446 304 rei
1469 260 1521 304 ad

97 333 345 388 dignitatem
367 348 444 375 seu
470 332 763 376 conditionem
789 348 1086 390 personarum,
1105 347 1238 389 eaque
1260 343 1364 374 tunc
1396 330 1523 375 habet

95 405 254 457 locum,
290 404 462 462 quando
497 405 640 462 aliqui,
661 422 695 448 e.
724 421 761 448 σ.
788 403 960 460 milites,
986 416 1083 462 post
1108 416 1270 461 partam
1293 404 1520 447 victoriam
1573 405 1576 408 ⁴

721 441 746 461 ὃ

95 476 304 533 recipiunt
339 478 480 519 minus
515 477 612 520 boni
649 477 713 520 vel
749 477 858 534 plus,
891 492 977 534 quo
1011 477 1155 520 minor
1185 477 1251 520 vel
1287 479 1425 521 maior
1456 489 1521 522 est

97 549 293 604 ipsorum
328 548 511 605 dignitas
545 565 618 591 seu
656 548 862 602 conditio,
898 564 932 591 e.
967 564 1007 605 g.
1042 561 1170 606 prout
1202 549 1296 606 quis
1329 561 1393 592 est
1415 539 1519 592 sim-

97 617 192 676 plex
225 619 348 662 miles
381 620 445 662 vel
481 620 674 662 centurio
708 619 774 662 vel
797 619 883 663 dux
905 635 1150 678 supremus,
1175 621 1230 663 ita
1253 631 1298 662 ut
1321 615 1518 664 eamdem

96 689 209 733 illam
244 692 593 749 proportionem,
629 707 757 749 quam
792 691 1030 734 seeundum
1074 691 1323 748 dignitatem
1363 690 1519 735 habent

97 777 317 819 personae,
350 762 503 820 quibus
542 779 607 806 res
656 762 984 817 distribuuntur,
1031 762 1213 806 habeant
1260 764 1389 807 etiam
1436 777 1519 820 res,

95 849 202 890 quae
236 834 338 891 ipsis
373 834 701 879 distribuuntur:
756 834 1006 878 huiusmodi
1054 847 1195 877 autem
1244 835 1406 878 iustum
1455 846 1519 878 est

91 905 316 962 proprium
351 905 567 949 obiectum
602 907 784 950 iustitiae
818 906 928 949 illius
962 906 1171 965 specialis,
1198 899 1305 965 qua‘e
1338 919 1519 951 vocatur

93 975 468 1035 distrilmliva(1).
1330 987 1333 990 ’
1374 1034 1377 1038 ¹

216 1049 341 1101 Quae
394 1062 440 1092 ut
494 1049 647 1092 melius
696 1049 919 1106 intelligas,
967 1049 1069 1093 haec
1118 1051 1258 1107 accipe
1307 1064 1360 1093 ex
1410 1048 1514 1093 Silv.

94 1119 246 1162 Mauro
271 1120 356 1178 (2):
393 1122 598 1164 «Iustitia
632 1121 898 1164 distributiva
932 1120 1056 1165 debet
1101 1117 1356 1165 distribuere
1405 1120 1518 1165 bona'

95 1193 342 1235 communia
376 1192 608 1251 aequaliter
631 1193 879 1250 aequalitate
913 1193 1324 1251 proportionalitatis
1355 1209 1516 1248 geome—

95 1265 232 1319 tricae,
266 1279 340 1321 per
363 1280 490 1322 quam
515 1266 570 1307 ita
593 1280 637 1307 se
661 1264 840 1308 habeant
863 1265 1104 1308 secundum
1127 1264 1515 1308 aestimabilitatern

94 1348 176 1385 res,
212 1350 318 1392 quae
353 1334 684 1393 distribuuntur,
717 1337 826 1379 sicut
859 1353 902 1380 se
936 1335 1089 1380 habent
1113 1336 1349 1380 secundum
1376 1336 1514 1394 digni-

94 1417 221 1448 tatem
256 1422 477 1463 personae,
525 1406 680 1465 quibus
730 1407 1071 1452 distribuuntur:
1122 1408 1316 1465 adeoque
1362 1409 1515 1451 iustum

91 1477 303 1520 intentum
323 1495 343 1521 a
362 1479 521 1521 iustitia
544 1478 812 1522 distributiva
836 1492 897 1523 est
916 1481 1078 1523 iustum
1099 1479 1338 1523 secundum
1361 1494 1516 1537 aequa-

93 1546 253 1591 litatem
288 1546 583 1606 proportionis
611 1552 867 1608 geometricae
890 1551 976 1610 (3),
1028 1553 1228 1595 iniustum
1270 1562 1349 1607 est,
1397 1549 1515 1608 quod

93 1634 181 1661 non
226 1634 288 1663 est
321 1621 556 1664 secundum
591 1623 904 1680 aequalitatem,
939 1622 1012 1666 sed
1046 1622 1114 1666 vel
1146 1622 1310 1666 excedit
1343 1622 1409 1665 vel
1433 1621 1513 1665 de-

93 1689 193 1735 ficit.
229 1693 260 1734 E
295 1708 503 1736 converso
537 1693 633 1737 licet
668 1695 795 1737 etiam
830 1695 989 1737 iustitia
1031 1696 1323 1738 comminativa
1366 1693 1515 1738 debeat

93 1761 246 1816 facere,
280 1776 325 1806 ut
359 1763 659 1807 contrahentes
695 1764 874 1808 habeant
906 1780 1096 1822 acquum,
1132 1763 1324 1822 adeoque
1348 1765 1513 1807 iustum
1566 1817 1572 1819 Α
1600 1814 1602 1816 ,

94 1832 140 1876 ab
164 1835 253 1892 ipsa
274 1835 484 1878 intentum
510 1836 564 1878 sit
586 1835 804 1893 quoddam
829 1853 1031 1894 aequum,
1055 1837 1264 1879 iniustum
1287 1836 1341 1879 sit
1369 1833 1514 1894 quod-

186 2077 242 2121 (1)
270 2077 362 2111 'Vide
388 2090 476 2123 quae
504 2091 619 2125 super.
646 2079 720 2114 vol.
750 2080 775 2113 I.
803 2091 884 2126 pag.
911 2089 990 2122 444.
1018 2078 1172 2113 diximus
1199 2077 1242 2112 de
1271 2077 1429 2124 partibus
1455 2087 1513 2111 su-

90 2137 239 2171 biactivis
265 2137 444 2172 iust²tiaez
472 2138 560 2172 haec
587 2150 718 2184 nempe
744 2139 909 2173 dividitur
936 2138 970 2172 in
994 2139 1186 2185 generalem
1216 2148 1279 2172 seu
1312 2137 1452 2190 legaJem
1477 2144 1512 2171 et

82 2197 342 2243 particularem,
370 2208 460 2242 quae
487 2198 598 2231 altera
624 2199 861 2232 subdix·id³tur
887 2198 922 2232 in
950 2199 1228 2232 comminativum
1255 2206 1289 2232 et
1315 2195 1511 2231 disiributi-

87 2268 182 2291 vam.
210 2257 302 2290 Vide
328 2257 437 2291 etiam
466 2269 547 2302 pag.
575 2268 653 2298 224.

184 2316 242 2360 (2)
270 2316 417 2351 Comm.
446 2315 480 2348 in
510 2315 531 2350 l.
559 2316 674 2351 Eth³c.
703 2316 747 2351 V.

185 2375 242 2420 (3)
270 2375 360 2409 Tale
379 2378 539 2415 servatur
557 2377 678 2409 iustum
694 2376 838 2421 quando
853 2378 1137 2420 (utmaneamus
1156 2377 1191 2410 in
1211 2375 1378 2421 exemplo
1399 2374 1526 2409 allato*

89 2434 132 2467 de
159 2434 330 2469 militibus
358 2443 439 2481 post
467 2443 604 2480 partam
623 2435 829 2480 victoriam)
846 2436 964 2481 posito
986 2435 1082 2482 quod
1102 2436 1218 2478 miles,
1237 2436 1336 2469 cuius
1354 2435 1510 2481 dignitas

90 2502 140 2527 est
167 2502 205 2527 ut
232 2504 263 2535 2,
290 2495 440 2540 acc³piat
470 2503 483 2537 3
514 2505 653 2535 aureOS,
680 2494 767 2529 alter
794 2495 910 2530 miles.
939 2496 1038 2529 cuius
1065 2494 1221 2540 dignitas
1247 2502 1299 2528 est
1325 2503 1362 2528 ut
1388 2504 1423 2535 4,
1445 2498 1514 2527 aci

89 2552 173 2597 cipit
199 2551 230 2594 6,
257 2554 347 2587 al³us
375 2555 474 2588 cuius
501 2554 655 2600 dign³tas
683 2562 736 2587 est
764 2563 799 2588 ut
826 2555 860 2596 8,
889 2555 1016 2600 ειςείρῗῑ
1048 2564 1101 2597 12,
1130 2563 1164 2589 et
1191 2555 1238 2588 ita
1263 2564 1386 2600 porro.
