<?xml version="1.0" encoding="UTF-8"?>
<!DOCTYPE html PUBLIC "-//W3C//DTD XHTML 1.0 Transitional//EN"
    "http://www.w3.org/TR/xhtml1/DTD/xhtml1-transitional.dtd">
<html xmlns="http://www.w3.org/1999/xhtml" xml:lang="en" lang="en">
 <head>
  <title>
</title>
<meta http-equiv="Content-Type" content="text/html;charset=utf-8" />
  <meta name='ocr-system' content='tesseract 3.04.00' />
  <meta name='ocr-capabilities' content='ocr_page ocr_carea ocr_par ocr_line ocrx_word'/>
</head>
<body>
  <div class='ocr_page' id='page_1' title='image "./institutionesphi02ferr_0136.png"; bbox 0 0 1737 2802; ppageno 0'>
   <div class='ocr_carea' id='block_1_1' title="bbox 1533 0 1737 123">
    <p class='ocr_par' dir='ltr' id='par_1_1' title="bbox 1533 0 1737 123">
     <span class='ocr_line' id='line_1_1' title="bbox 1533 0 1737 123; baseline 0 2679"><span class='ocrx_word' id='word_1_1' title='bbox 1533 0 1737 123; x_wconf 95' lang='lat' dir='ltr'> </span> 
     </span>
    </p>
   </div>
   <div class='ocr_carea' id='block_1_2' title="bbox 822 109 1088 152">
    <p class='ocr_par' dir='ltr' id='par_1_2' title="bbox 822 109 1088 152">
     <span class='ocr_line' id='line_1_2' title="bbox 822 109 1088 152; baseline 0 -22"><span class='ocrx_word' id='word_1_2' title='bbox 822 109 1088 152; x_wconf 63' lang='lat'>„130-</span> 
     </span>
    </p>
   </div>
   <div class='ocr_carea' id='block_1_3' title="bbox 231 180 1725 1182">
    <p class='ocr_par' dir='ltr' id='par_1_3' title="bbox 231 180 1725 1182">
     <span class='ocr_line' id='line_1_3' title="bbox 243 180 1725 250; baseline 0 -12"><span class='ocrx_word' id='word_1_3' title='bbox 243 197 304 238; x_wconf 78' lang='lat' dir='ltr'>ins</span> <span class='ocrx_word' id='word_1_4' title='bbox 327 193 490 237; x_wconf 83' lang='lat' dir='ltr'>bonum</span> <span class='ocrx_word' id='word_1_5' title='bbox 524 181 565 234; x_wconf 75' lang='grc'>111</span> <span class='ocrx_word' id='word_1_6' title='bbox 601 192 920 249; x_wconf 78' lang='lat' dir='ltr'>comparatione</span> <span class='ocrx_word' id='word_1_7' title='bbox 944 190 994 234; x_wconf 77' lang='lat' dir='ltr'>ad</span> <span class='ocrx_word' id='word_1_8' title='bbox 1027 190 1206 249; x_wconf 89' lang='lat' dir='ltr'>bonum,</span> <span class='ocrx_word' id='word_1_9' title='bbox 1230 191 1348 250; x_wconf 89' lang='lat' dir='ltr'>quod</span> <span class='ocrx_word' id='word_1_10' title='bbox 1373 193 1666 238; x_wconf 85' lang='lat' dir='ltr'>communiter</span> <span class='ocrx_word' id='word_1_11' title='bbox 1723 180 1725 182; x_wconf 21' lang='grc' dir='ltr'>Ι</span> 
     </span>
     <span class='ocr_line' id='line_1_4' title="bbox 239 263 1663 322; baseline 0.001 -14"><span class='ocrx_word' id='word_1_12' title='bbox 239 280 300 308; x_wconf 76' lang='lat' dir='ltr'>cst</span> <span class='ocrx_word' id='word_1_13' title='bbox 336 265 386 308; x_wconf 71' lang='lat' dir='ltr'>de</span> <span class='ocrx_word' id='word_1_14' title='bbox 420 264 670 306; x_wconf 74' lang='lat' dir='ltr'>necessitate</span> <span class='ocrx_word' id='word_1_15' title='bbox 703 263 865 306; x_wconf 76' lang='lat' dir='ltr'>salutis,</span> <span class='ocrx_word' id='word_1_16' title='bbox 900 263 1022 316; x_wconf 83' lang='lat' dir='ltr'>Ideo,</span> <span class='ocrx_word' id='word_1_17' title='bbox 1052 265 1216 321; x_wconf 80' lang='lat' dir='ltr'><strong><em>proprie</em></strong></span> <span class='ocrx_word' id='word_1_18' title='bbox 1245 263 1483 322; x_wconf 88' lang='lat' dir='ltr'>loquendo,</span> <span class='ocrx_word' id='word_1_19' title='bbox 1511 278 1663 310; x_wconf 90' lang='lat' dir='ltr'>votum</span> 
     </span>
     <span class='ocr_line' id='line_1_5' title="bbox 241 335 1663 393; baseline 0.002 -15"><span class='ocrx_word' id='word_1_20' title='bbox 241 337 394 379; x_wconf 85' lang='lat' dir='ltr'>dicitur</span> <span class='ocrx_word' id='word_1_21' title='bbox 429 351 521 378; x_wconf 85' lang='lat' dir='ltr'>esse</span> <span class='ocrx_word' id='word_1_22' title='bbox 543 335 588 378; x_wconf 67' lang='lat' dir='ltr'>dtr</span> <span class='ocrx_word' id='word_1_23' title='bbox 614 336 771 378; x_wconf 75' lang='lat' dir='ltr'>meliori</span> <span class='ocrx_word' id='word_1_24' title='bbox 794 335 907 378; x_wconf 83' lang='lat' dir='ltr'>bono.</span> <span class='ocrx_word' id='word_1_25' title='bbox 931 351 950 374; x_wconf 86' lang='lat'>»</span> <span class='ocrx_word' id='word_1_26' title='bbox 991 335 1137 393; x_wconf 83' lang='lat' dir='ltr'>Itaque</span> <span class='ocrx_word' id='word_1_27' title='bbox 1173 335 1332 393; x_wconf 78' lang='lat' dir='ltr'>paucis,</span> <span class='ocrx_word' id='word_1_28' title='bbox 1366 336 1470 380; x_wconf 85' lang='lat' dir='ltr'>haec</span> <span class='ocrx_word' id='word_1_29' title='bbox 1493 336 1544 381; x_wconf 92' lang='lat' dir='ltr'>de</span> <span class='ocrx_word' id='word_1_30' title='bbox 1567 352 1663 381; x_wconf 87' lang='lat' dir='ltr'>ma-</span> 
     </span>
     <span class='ocr_line' id='line_1_6' title="bbox 238 405 1664 467; baseline 0.001 -17"><span class='ocrx_word' id='word_1_31' title='bbox 238 410 343 451; x_wconf 72' lang='lat' dir='ltr'>teria</span> <span class='ocrx_word' id='word_1_32' title='bbox 376 408 465 450; x_wconf 87' lang='lat' dir='ltr'>voti</span> <span class='ocrx_word' id='word_1_33' title='bbox 498 419 735 450; x_wconf 78' lang='lat' dir='ltr'>teneantur,</span> <span class='ocrx_word' id='word_1_34' title='bbox 770 407 830 450; x_wconf 93' lang='lat' dir='ltr'>Ut</span> <span class='ocrx_word' id='word_1_35' title='bbox 864 405 1021 464; x_wconf 80' lang='lat' dir='ltr'>aliquid</span> <span class='ocrx_word' id='word_1_36' title='bbox 1046 406 1163 450; x_wconf 76' lang='lat' dir='ltr'>cadat</span> <span class='ocrx_word' id='word_1_37' title='bbox 1198 406 1274 450; x_wconf 90' lang='lat' dir='ltr'>sub</span> <span class='ocrx_word' id='word_1_38' title='bbox 1310 420 1464 451; x_wconf 88' lang='lat' dir='ltr'>votum</span> <span class='ocrx_word' id='word_1_39' title='bbox 1487 408 1565 467; x_wconf 88' lang='lat'>(1),</span> <span class='ocrx_word' id='word_1_40' title='bbox 1596 425 1664 452; x_wconf 84' lang='lat' dir='ltr'>ne-</span> 
     </span>
     <span class='ocr_line' id='line_1_7' title="bbox 233 477 1662 537; baseline 0.001 -15"><span class='ocrx_word' id='word_1_41' title='bbox 233 481 370 537; x_wconf 74' lang='lat' dir='ltr'>gative.</span> <span class='ocrx_word' id='word_1_42' title='bbox 418 493 504 521; x_wconf 89' lang='grc'>11011</span> <span class='ocrx_word' id='word_1_43' title='bbox 539 477 663 521; x_wconf 82' lang='lat' dir='ltr'>debet</span> <span class='ocrx_word' id='word_1_44' title='bbox 710 492 802 521; x_wconf 83' lang='lat' dir='ltr'>esse</span> <span class='ocrx_word' id='word_1_45' title='bbox 853 477 1029 536; x_wconf 76' lang='lat' dir='ltr'>aliquid,</span> <span class='ocrx_word' id='word_1_46' title='bbox 1077 477 1194 536; x_wconf 89' lang='lat' dir='ltr'>quod</span> <span class='ocrx_word' id='word_1_47' title='bbox 1228 480 1282 522; x_wconf 89' lang='lat' dir='ltr'>sit</span> <span class='ocrx_word' id='word_1_48' title='bbox 1316 491 1436 522; x_wconf 78' lang='lat' dir='ltr'>extra</span> <span class='ocrx_word' id='word_1_49' title='bbox 1469 492 1662 524; x_wconf 83' lang='lat' dir='ltr'>nostram</span> 
     </span>
     <span class='ocr_line' id='line_1_8' title="bbox 236 549 1711 608; baseline 0.003 -17"><span class='ocrx_word' id='word_1_50' title='bbox 236 563 491 608; x_wconf 68' lang='lat' dir='ltr'>potestatem</span> <span class='ocrx_word' id='word_1_51' title='bbox 515 565 588 592; x_wconf 91' lang='lat' dir='ltr'>seu</span> <span class='ocrx_word' id='word_1_52' title='bbox 615 561 778 592; x_wconf 74' lang='lat' dir='ltr'>nostras</span> <span class='ocrx_word' id='word_1_53' title='bbox 802 549 928 604; x_wconf 78' lang='lat' dir='ltr'>vires,</span> <span class='ocrx_word' id='word_1_54' title='bbox 954 563 1095 606; x_wconf 87' lang='lat' dir='ltr'>neque</span> <span class='ocrx_word' id='word_1_55' title='bbox 1127 549 1298 608; x_wconf 87' lang='lat' dir='ltr'>aliquid,</span> <span class='ocrx_word' id='word_1_56' title='bbox 1332 550 1449 608; x_wconf 92' lang='lat' dir='ltr'>quod</span> <span class='ocrx_word' id='word_1_57' title='bbox 1483 551 1538 595; x_wconf 89' lang='lat' dir='ltr'>sit</span> <span class='ocrx_word' id='word_1_58' title='bbox 1562 567 1661 596; x_wconf 90' lang='lat' dir='ltr'>ma-</span> <span class='ocrx_word' id='word_1_59' title='bbox 1708 578 1711 581; x_wconf 58' lang='grc'><strong><em>«</em></strong></span> 
     </span>
     <span class='ocr_line' id='line_1_9' title="bbox 234 620 1661 678; baseline 0.002 -14"><span class='ocrx_word' id='word_1_60' title='bbox 234 622 324 665; x_wconf 85' lang='grc'>111111</span> <span class='ocrx_word' id='word_1_61' title='bbox 359 620 593 673; x_wconf 72' lang='lat' dir='ltr'>moraliter,</span> <span class='ocrx_word' id='word_1_62' title='bbox 628 636 767 678; x_wconf 84' lang='lat' dir='ltr'>neque</span> <span class='ocrx_word' id='word_1_63' title='bbox 799 620 978 678; x_wconf 80' lang='lat' dir='ltr'>aliquid,</span> <span class='ocrx_word' id='word_1_64' title='bbox 1004 620 1121 678; x_wconf 88' lang='lat' dir='ltr'>quod</span> <span class='ocrx_word' id='word_1_65' title='bbox 1145 621 1198 664; x_wconf 87' lang='lat' dir='ltr'>sit</span> <span class='ocrx_word' id='word_1_66' title='bbox 1232 620 1451 665; x_wconf 82' lang='lat' dir='ltr'>moraliter</span> <span class='ocrx_word' id='word_1_67' title='bbox 1489 621 1661 667; x_wconf 87' lang='lat' dir='ltr'>indiffe-</span> 
     </span>
     <span class='ocr_line' id='line_1_10' title="bbox 235 688 1678 752; baseline 0 -14"><span class='ocrx_word' id='word_1_68' title='bbox 235 710 354 738; x_wconf 86' lang='lat' dir='ltr'>rens:</span> <span class='ocrx_word' id='word_1_69' title='bbox 386 695 558 752; x_wconf 74' lang='lat' dir='ltr'>positive</span> <span class='ocrx_word' id='word_1_70' title='bbox 593 706 736 736; x_wconf 76' lang='lat' dir='ltr'>autem</span> <span class='ocrx_word' id='word_1_71' title='bbox 771 692 894 736; x_wconf 86' lang='lat' dir='ltr'>debet</span> <span class='ocrx_word' id='word_1_72' title='bbox 929 708 1021 746; x_wconf 79' lang='grc'>6556</span> <span class='ocrx_word' id='word_1_73' title='bbox 1053 705 1170 736; x_wconf 81' lang='lat' dir='ltr'>actus</span> <span class='ocrx_word' id='word_1_74' title='bbox 1202 692 1352 751; x_wconf 85' lang='lat' dir='ltr'>aliquis</span> <span class='ocrx_word' id='word_1_75' title='bbox 1386 692 1540 738; x_wconf 82' lang='lat' dir='ltr'>bonus,</span> <span class='ocrx_word' id='word_1_76' title='bbox 1575 688 1678 739; x_wconf 70' lang='lat' dir='ltr'>Sed‘</span> 
     </span>
     <span class='ocr_line' id='line_1_11' title="bbox 234 757 1663 811; baseline -0.001 -1"><span class='ocrx_word' id='word_1_77' title='bbox 234 781 351 811; x_wconf 84' lang='lat' dir='ltr'>actus</span> <span class='ocrx_word' id='word_1_78' title='bbox 384 767 485 810; x_wconf 89' lang='lat' dir='ltr'>boni</span> <span class='ocrx_word' id='word_1_79' title='bbox 519 781 604 809; x_wconf 87' lang='lat' dir='ltr'>non</span> <span class='ocrx_word' id='word_1_80' title='bbox 638 778 736 808; x_wconf 86' lang='lat' dir='ltr'>sunt</span> <span class='ocrx_word' id='word_1_81' title='bbox 769 757 895 808; x_wconf 79' lang='lat' dir='ltr'>unius</span> <span class='ocrx_word' id='word_1_82' title='bbox 931 780 1082 808; x_wconf 87' lang='grc'>01111165</span> <span class='ocrx_word' id='word_1_83' title='bbox 1118 765 1307 809; x_wconf 82' lang='lat' dir='ltr'>rationis.</span> <span class='ocrx_word' id='word_1_84' title='bbox 1337 764 1422 810; x_wconf 88' lang='lat' dir='ltr'>Alii</span> <span class='ocrx_word' id='word_1_85' title='bbox 1456 765 1572 809; x_wconf 89' lang='lat' dir='ltr'>enim</span> <span class='ocrx_word' id='word_1_86' title='bbox 1606 766 1663 809; x_wconf 87' lang='lat' dir='ltr'>ita</span> 
     </span>
     <span class='ocr_line' id='line_1_12' title="bbox 236 835 1661 895; baseline -0.001 -13"><span class='ocrx_word' id='word_1_87' title='bbox 236 853 335 882; x_wconf 89' lang='grc'>511111</span> <span class='ocrx_word' id='word_1_88' title='bbox 383 838 500 894; x_wconf 85' lang='lat' dir='ltr'>boni,</span> <span class='ocrx_word' id='word_1_89' title='bbox 535 850 579 880; x_wconf 87' lang='lat' dir='ltr'>ut</span> <span class='ocrx_word' id='word_1_90' title='bbox 629 838 712 880; x_wconf 92' lang='lat' dir='ltr'>sint</span> <span class='ocrx_word' id='word_1_91' title='bbox 762 836 962 880; x_wconf 84' lang='lat' dir='ltr'>meliores</span> <span class='ocrx_word' id='word_1_92' title='bbox 997 837 1076 894; x_wconf 91' lang='lat' dir='ltr'>ipsi</span> <span class='ocrx_word' id='word_1_93' title='bbox 1121 852 1250 894; x_wconf 86' lang='lat' dir='ltr'>quam</span> <span class='ocrx_word' id='word_1_94' title='bbox 1299 852 1389 880; x_wconf 89' lang='lat' dir='ltr'>non</span> <span class='ocrx_word' id='word_1_95' title='bbox 1436 837 1536 895; x_wconf 87' lang='lat' dir='ltr'>ipsi,</span> <span class='ocrx_word' id='word_1_96' title='bbox 1571 835 1661 880; x_wconf 87' lang='lat' dir='ltr'>aliis</span> 
     </span>
     <span class='ocr_line' id='line_1_13' title="bbox 235 907 1661 967; baseline 0 -14"><span class='ocrx_word' id='word_1_97' title='bbox 235 910 391 967; x_wconf 84' lang='lat' dir='ltr'>verbis,</span> <span class='ocrx_word' id='word_1_98' title='bbox 426 921 471 952; x_wconf 90' lang='lat' dir='ltr'>ut</span> <span class='ocrx_word' id='word_1_99' title='bbox 506 909 658 952; x_wconf 82' lang='lat' dir='ltr'>melius</span> <span class='ocrx_word' id='word_1_100' title='bbox 693 909 747 951; x_wconf 84' lang='lat' dir='ltr'>sit</span> <span class='ocrx_word' id='word_1_101' title='bbox 781 923 854 950; x_wconf 90' lang='lat' dir='ltr'>eos</span> <span class='ocrx_word' id='word_1_102' title='bbox 889 907 1024 950; x_wconf 78' lang='lat' dir='ltr'>facere</span> <span class='ocrx_word' id='word_1_103' title='bbox 1058 923 1187 965; x_wconf 83' lang='lat' dir='ltr'>quam</span> <span class='ocrx_word' id='word_1_104' title='bbox 1211 909 1426 951; x_wconf 89' lang='lat' dir='ltr'>omittere:</span> <span class='ocrx_word' id='word_1_105' title='bbox 1456 907 1526 951; x_wconf 80' lang='lat' dir='ltr'>alii</span> <span class='ocrx_word' id='word_1_106' title='bbox 1557 923 1661 954; x_wconf 87' lang='lat' dir='ltr'>vero</span> 
     </span>
     <span class='ocr_line' id='line_1_14' title="bbox 236 979 1661 1039; baseline -0.001 -13"><span class='ocrx_word' id='word_1_107' title='bbox 236 985 291 1027; x_wconf 76' lang='lat' dir='ltr'>ita</span> <span class='ocrx_word' id='word_1_108' title='bbox 326 997 424 1026; x_wconf 82' lang='lat' dir='ltr'>sunt</span> <span class='ocrx_word' id='word_1_109' title='bbox 457 982 574 1034; x_wconf 91' lang='lat' dir='ltr'>boni,</span> <span class='ocrx_word' id='word_1_110' title='bbox 601 994 645 1023; x_wconf 90' lang='lat' dir='ltr'>ut</span> <span class='ocrx_word' id='word_1_111' title='bbox 679 993 932 1024; x_wconf 80' lang='lat' dir='ltr'>tamennon</span> <span class='ocrx_word' id='word_1_112' title='bbox 965 982 1049 1023; x_wconf 84' lang='lat' dir='ltr'>sint</span> <span class='ocrx_word' id='word_1_113' title='bbox 1082 979 1283 1023; x_wconf 87' lang='lat' dir='ltr'>meliores</span> <span class='ocrx_word' id='word_1_114' title='bbox 1307 981 1388 1039; x_wconf 87' lang='lat' dir='ltr'>ipsi</span> <span class='ocrx_word' id='word_1_115' title='bbox 1411 996 1541 1039; x_wconf 87' lang='lat' dir='ltr'>quam</span> <span class='ocrx_word' id='word_1_116' title='bbox 1569 996 1661 1024; x_wconf 89' lang='grc'>11011</span> 
     </span>
     <span class='ocr_line' id='line_1_15' title="bbox 231 1051 1659 1113; baseline -0.001 -15"><span class='ocrx_word' id='word_1_117' title='bbox 231 1056 333 1113; x_wconf 77' lang='lat' dir='ltr'>ipsi.</span> <span class='ocrx_word' id='word_1_118' title='bbox 369 1056 564 1098; x_wconf 73' lang='lat' dir='ltr'>lamvero</span> <span class='ocrx_word' id='word_1_119' title='bbox 600 1053 776 1095; x_wconf 86' lang='lat' dir='ltr'>materia</span> <span class='ocrx_word' id='word_1_120' title='bbox 800 1053 891 1096; x_wconf 88' lang='lat' dir='ltr'>voti</span> <span class='ocrx_word' id='word_1_121' title='bbox 926 1068 1014 1096; x_wconf 88' lang='lat' dir='ltr'>non</span> <span class='ocrx_word' id='word_1_122' title='bbox 1050 1064 1149 1095; x_wconf 87' lang='lat' dir='ltr'>sunt</span> <span class='ocrx_word' id='word_1_123' title='bbox 1183 1052 1265 1094; x_wconf 90' lang='lat' dir='ltr'>nisi</span> <span class='ocrx_word' id='word_1_124' title='bbox 1298 1065 1414 1096; x_wconf 90' lang='lat' dir='ltr'>actus</span> <span class='ocrx_word' id='word_1_125' title='bbox 1449 1054 1504 1096; x_wconf 89' lang='lat' dir='ltr'>ita</span> <span class='ocrx_word' id='word_1_126' title='bbox 1537 1051 1659 1108; x_wconf 90' lang='lat' dir='ltr'>boni,</span> 
     </span>
     <span class='ocr_line' id='line_1_16' title="bbox 238 1123 1267 1182; baseline -0.001 -14"><span class='ocrx_word' id='word_1_127' title='bbox 238 1139 282 1169; x_wconf 89' lang='lat' dir='ltr'>ut</span> <span class='ocrx_word' id='word_1_128' title='bbox 317 1127 402 1168; x_wconf 88' lang='grc'>51111</span> <span class='ocrx_word' id='word_1_129' title='bbox 436 1124 637 1168; x_wconf 81' lang='lat' dir='ltr'>meliores</span> <span class='ocrx_word' id='word_1_130' title='bbox 672 1124 755 1181; x_wconf 87' lang='lat' dir='ltr'>ipsi</span> <span class='ocrx_word' id='word_1_131' title='bbox 789 1139 918 1181; x_wconf 87' lang='lat' dir='ltr'>quam</span> <span class='ocrx_word' id='word_1_132' title='bbox 952 1138 1040 1166; x_wconf 90' lang='lat' dir='ltr'>non</span> <span class='ocrx_word' id='word_1_133' title='bbox 1073 1124 1155 1182; x_wconf 86' lang='lat' dir='ltr'>ipsi</span> <span class='ocrx_word' id='word_1_134' title='bbox 1191 1123 1267 1182; x_wconf 85' lang='lat'>(2).</span> 
     </span>
    </p>
   </div>
   <div class='ocr_carea' id='block_1_4' title="bbox 233 1280 430 1287">
    <p class='ocr_par' dir='ltr' id='par_1_4' title="bbox 233 1280 430 1287">
     <span class='ocr_line' id='line_1_17' title="bbox 233 1280 430 1287; baseline 0 1515"><span class='ocrx_word' id='word_1_135' title='bbox 233 1280 430 1287; x_wconf 95' lang='lat' dir='ltr'> </span> 
     </span>
    </p>
   </div>
   <div class='ocr_carea' id='block_1_5' title="bbox 218 1363 1661 2608">
    <p class='ocr_par' dir='ltr' id='par_1_5' title="bbox 223 1363 1661 1588">
     <span class='ocr_line' id='line_1_18' title="bbox 228 1363 1660 1411; baseline -0.001 -11"><span class='ocrx_word' id='word_1_136' title='bbox 228 1377 366 1401; x_wconf 83' lang='lat' dir='ltr'>novam</span> <span class='ocrx_word' id='word_1_137' title='bbox 394 1375 429 1400; x_wconf 90' lang='lat' dir='ltr'>et</span> <span class='ocrx_word' id='word_1_138' title='bbox 455 1373 699 1411; x_wconf 80' lang='lat' dir='ltr'>spontaneam</span> <span class='ocrx_word' id='word_1_139' title='bbox 727 1363 1034 1410; x_wconf 81' lang='lat' dir='ltr'>obligationem.»</span> <span class='ocrx_word' id='word_1_140' title='bbox 1067 1383 1111 1389; x_wconf 91' lang='lat'><strong>—</strong></span> <span class='ocrx_word' id='word_1_141' title='bbox 1132 1364 1230 1399; x_wconf 80' lang='lat' dir='ltr'>Haec</span> <span class='ocrx_word' id='word_1_142' title='bbox 1257 1363 1378 1398; x_wconf 89' lang='lat' dir='ltr'>valent</span> <span class='ocrx_word' id='word_1_143' title='bbox 1405 1364 1513 1399; x_wconf 87' lang='lat' dir='ltr'>etiam</span> <span class='ocrx_word' id='word_1_144' title='bbox 1532 1364 1576 1399; x_wconf 88' lang='lat' dir='ltr'>ad</span> <span class='ocrx_word' id='word_1_145' title='bbox 1601 1375 1660 1399; x_wconf 90' lang='lat' dir='ltr'>re—</span> 
     </span>
     <span class='ocr_line' id='line_1_19' title="bbox 232 1422 1660 1470; baseline 0 -11"><span class='ocrx_word' id='word_1_146' title='bbox 232 1425 428 1460; x_wconf 84' lang='lat' dir='ltr'>fellendam</span> <span class='ocrx_word' id='word_1_147' title='bbox 455 1424 671 1459; x_wconf 82' lang='lat' dir='ltr'>sententiam</span> <span class='ocrx_word' id='word_1_148' title='bbox 698 1434 838 1465; x_wconf 86' lang='lat' dir='ltr'>eorum,</span> <span class='ocrx_word' id='word_1_149' title='bbox 868 1432 904 1457; x_wconf 87' lang='lat' dir='ltr'>ut</span> <span class='ocrx_word' id='word_1_150' title='bbox 930 1422 1079 1457; x_wconf 85' lang='lat' dir='ltr'>Lutheri</span> <span class='ocrx_word' id='word_1_151' title='bbox 1106 1433 1140 1458; x_wconf 86' lang='lat' dir='ltr'>et</span> <span class='ocrx_word' id='word_1_152' title='bbox 1169 1423 1324 1466; x_wconf 88' lang='lat' dir='ltr'>Calvini,</span> <span class='ocrx_word' id='word_1_153' title='bbox 1361 1423 1420 1470; x_wconf 84' lang='lat' dir='ltr'>qui</span> <span class='ocrx_word' id='word_1_154' title='bbox 1447 1423 1548 1458; x_wconf 88' lang='lat' dir='ltr'>aiunt</span> <span class='ocrx_word' id='word_1_155' title='bbox 1575 1432 1660 1459; x_wconf 89' lang='lat' dir='ltr'>vota</span> 
     </span>
     <span class='ocr_line' id='line_1_20' title="bbox 230 1481 1661 1529; baseline 0.001 -12"><span class='ocrx_word' id='word_1_156' title='bbox 230 1484 275 1518; x_wconf 83' lang='lat' dir='ltr'>ad</span> <span class='ocrx_word' id='word_1_157' title='bbox 301 1484 493 1520; x_wconf 87' lang='lat' dir='ltr'>colendum</span> <span class='ocrx_word' id='word_1_158' title='bbox 520 1485 640 1518; x_wconf 81' lang='lat' dir='ltr'>Deum</span> <span class='ocrx_word' id='word_1_159' title='bbox 660 1493 732 1516; x_wconf 86' lang='lat' dir='ltr'>non</span> <span class='ocrx_word' id='word_1_160' title='bbox 753 1493 861 1527; x_wconf 87' lang='lat' dir='ltr'>posse</span> <span class='ocrx_word' id='word_1_161' title='bbox 886 1482 963 1516; x_wconf 82' lang='lat' dir='ltr'>fieri</span> <span class='ocrx_word' id='word_1_162' title='bbox 990 1482 1056 1516; x_wconf 87' lang='lat' dir='ltr'>nisi</span> <span class='ocrx_word' id='word_1_163' title='bbox 1077 1482 1118 1517; x_wconf 89' lang='lat' dir='ltr'>de</span> <span class='ocrx_word' id='word_1_164' title='bbox 1139 1484 1244 1517; x_wconf 88' lang='lat' dir='ltr'>rebus</span> <span class='ocrx_word' id='word_1_165' title='bbox 1273 1483 1482 1529; x_wconf 77' lang='lat' dir='ltr'>praeceptis,</span> <span class='ocrx_word' id='word_1_166' title='bbox 1503 1481 1560 1519; x_wconf 87' lang='lat' dir='ltr'>Cf.</span> <span class='ocrx_word' id='word_1_167' title='bbox 1579 1483 1661 1518; x_wconf 78' lang='lat' dir='ltr'>Bel-</span> 
     </span>
     <span class='ocr_line' id='line_1_21' title="bbox 223 1541 1274 1588; baseline -0.003 -8"><span class='ocrx_word' id='word_1_168' title='bbox 223 1544 439 1586; x_wconf 77' lang='lat' dir='ltr'>Jarminum,</span> <span class='ocrx_word' id='word_1_169' title='bbox 468 1543 512 1578; x_wconf 91' lang='lat' dir='ltr'>de</span> <span class='ocrx_word' id='word_1_170' title='bbox 539 1541 729 1577; x_wconf 84' lang='lat' dir='ltr'>Monachis</span> <span class='ocrx_word' id='word_1_171' title='bbox 757 1542 778 1576; x_wconf 89' lang='lat'>1.</span> <span class='ocrx_word' id='word_1_172' title='bbox 808 1542 849 1576; x_wconf 81' lang='grc' dir='ltr'>ΙΙ.</span> <span class='ocrx_word' id='word_1_173' title='bbox 877 1542 1053 1588; x_wconf 81' lang='lat' dir='ltr'>capitibus</span> <span class='ocrx_word' id='word_1_174' title='bbox 1086 1552 1121 1586; x_wconf 83' lang='lat'>15</span> <span class='ocrx_word' id='word_1_175' title='bbox 1152 1551 1187 1577; x_wconf 90' lang='lat' dir='ltr'>et</span> <span class='ocrx_word' id='word_1_176' title='bbox 1220 1541 1274 1577; x_wconf 88' lang='grc'>16.</span> 
     </span>
    </p>

    <p class='ocr_par' dir='ltr' id='par_1_6' title="bbox 218 1601 1659 2243">
     <span class='ocr_line' id='line_1_22' title="bbox 324 1601 1658 1650; baseline -0.001 -12"><span class='ocrx_word' id='word_1_177' title='bbox 324 1604 380 1649; x_wconf 88' lang='grc'>(1)</span> <span class='ocrx_word' id='word_1_178' title='bbox 407 1605 502 1649; x_wconf 87' lang='lat' dir='ltr'>Apte</span> <span class='ocrx_word' id='word_1_179' title='bbox 530 1604 705 1644; x_wconf 88' lang='lat' dir='ltr'>Becanus,</span> <span class='ocrx_word' id='word_1_180' title='bbox 733 1602 776 1636; x_wconf 91' lang='lat' dir='ltr'>de</span> <span class='ocrx_word' id='word_1_181' title='bbox 816 1602 894 1636; x_wconf 88' lang='lat' dir='ltr'>Iure</span> <span class='ocrx_word' id='word_1_182' title='bbox 922 1610 955 1636; x_wconf 91' lang='lat' dir='ltr'>et</span> <span class='ocrx_word' id='word_1_183' title='bbox 995 1602 1079 1636; x_wconf 91' lang='lat' dir='ltr'>Iust.</span> <span class='ocrx_word' id='word_1_184' title='bbox 1108 1613 1139 1637; x_wconf 87' lang='grc'>6.</span> <span class='ocrx_word' id='word_1_185' title='bbox 1170 1601 1226 1636; x_wconf 85' lang='grc'>88.</span> <span class='ocrx_word' id='word_1_186' title='bbox 1265 1614 1296 1648; x_wconf 94' lang='lat' dir='ltr'>q.</span> <span class='ocrx_word' id='word_1_187' title='bbox 1324 1612 1370 1645; x_wconf 87' lang='lat'>4.:</span> <span class='ocrx_word' id='word_1_188' title='bbox 1401 1616 1418 1634; x_wconf 64' lang='lat' dir='ltr'>a&lt;</span> <span class='ocrx_word' id='word_1_189' title='bbox 1445 1602 1496 1637; x_wconf 90' lang='lat' dir='ltr'>Ut</span> <span class='ocrx_word' id='word_1_190' title='bbox 1522 1602 1658 1650; x_wconf 86' lang='lat' dir='ltr'>aliquid</span> 
     </span>
     <span class='ocr_line' id='line_1_23' title="bbox 233 1662 1657 1709; baseline -0.001 -10"><span class='ocrx_word' id='word_1_191' title='bbox 233 1665 334 1700; x_wconf 85' lang='lat' dir='ltr'>cadat</span> <span class='ocrx_word' id='word_1_192' title='bbox 361 1665 425 1698; x_wconf 85' lang='lat' dir='ltr'>sub</span> <span class='ocrx_word' id='word_1_193' title='bbox 452 1672 590 1704; x_wconf 89' lang='lat' dir='ltr'>votum,</span> <span class='ocrx_word' id='word_1_194' title='bbox 617 1662 683 1697; x_wconf 82' lang='lat' dir='ltr'>tria</span> <span class='ocrx_word' id='word_1_195' title='bbox 709 1663 947 1708; x_wconf 81' lang='lat' dir='ltr'>requiruntur.</span> <span class='ocrx_word' id='word_1_196' title='bbox 975 1662 1142 1703; x_wconf 73' lang='lat' dir='ltr'>Primum,</span> <span class='ocrx_word' id='word_1_197' title='bbox 1171 1671 1208 1697; x_wconf 91' lang='lat' dir='ltr'>ut</span> <span class='ocrx_word' id='word_1_198' title='bbox 1236 1663 1281 1698; x_wconf 88' lang='lat' dir='ltr'>sit</span> <span class='ocrx_word' id='word_1_199' title='bbox 1307 1663 1344 1697; x_wconf 87' lang='lat' dir='ltr'>in</span> <span class='ocrx_word' id='word_1_200' title='bbox 1385 1671 1510 1698; x_wconf 86' lang='lat' dir='ltr'>nostra</span> <span class='ocrx_word' id='word_1_201' title='bbox 1550 1671 1657 1709; x_wconf 87' lang='lat' dir='ltr'>pote-</span> 
     </span>
     <span class='ocr_line' id='line_1_24' title="bbox 231 1722 1658 1769; baseline -0.003 -9"><span class='ocrx_word' id='word_1_202' title='bbox 231 1734 333 1760; x_wconf 86' lang='lat' dir='ltr'>state:</span> <span class='ocrx_word' id='word_1_203' title='bbox 359 1725 551 1765; x_wconf 62' lang='lat' dir='ltr'>secundum,</span> <span class='ocrx_word' id='word_1_204' title='bbox 579 1732 616 1757; x_wconf 91' lang='lat' dir='ltr'>ut</span> <span class='ocrx_word' id='word_1_205' title='bbox 644 1723 686 1757; x_wconf 92' lang='lat' dir='ltr'>sit</span> <span class='ocrx_word' id='word_1_206' title='bbox 714 1723 865 1757; x_wconf 87' lang='lat' dir='ltr'>bonum:</span> <span class='ocrx_word' id='word_1_207' title='bbox 895 1722 1045 1765; x_wconf 73' lang='lat' dir='ltr'>tertium,</span> <span class='ocrx_word' id='word_1_208' title='bbox 1073 1730 1110 1757; x_wconf 91' lang='lat' dir='ltr'>ut</span> <span class='ocrx_word' id='word_1_209' title='bbox 1137 1723 1181 1757; x_wconf 91' lang='lat' dir='ltr'>sit</span> <span class='ocrx_word' id='word_1_210' title='bbox 1207 1722 1338 1757; x_wconf 86' lang='lat' dir='ltr'>melius</span> <span class='ocrx_word' id='word_1_211' title='bbox 1366 1733 1474 1769; x_wconf 90' lang='lat' dir='ltr'>quam</span> <span class='ocrx_word' id='word_1_212' title='bbox 1501 1722 1658 1768; x_wconf 88' lang='lat' dir='ltr'>opposi-</span> 
     </span>
     <span class='ocr_line' id='line_1_25' title="bbox 218 1781 1659 1829; baseline -0.001 -11"><span class='ocrx_word' id='word_1_213' title='bbox 218 1794 321 1820; x_wconf 80' lang='lat' dir='ltr'>.tum.</span> <span class='ocrx_word' id='word_1_214' title='bbox 347 1785 439 1819; x_wconf 78' lang='lat' dir='ltr'>Hinc</span> <span class='ocrx_word' id='word_1_215' title='bbox 467 1783 627 1829; x_wconf 88' lang='lat' dir='ltr'>sequitur</span> <span class='ocrx_word' id='word_1_216' title='bbox 653 1794 726 1817; x_wconf 88' lang='grc'>11011</span> <span class='ocrx_word' id='word_1_217' title='bbox 755 1794 831 1817; x_wconf 88' lang='grc'>6556</span> <span class='ocrx_word' id='word_1_218' title='bbox 859 1781 1018 1816; x_wconf 84' lang='lat' dir='ltr'>validum</span> <span class='ocrx_word' id='word_1_219' title='bbox 1046 1791 1185 1817; x_wconf 85' lang='lat' dir='ltr'>votum:</span> <span class='ocrx_word' id='word_1_220' title='bbox 1228 1782 1355 1825; x_wconf 83' lang='lat' dir='ltr'>Primo,</span> <span class='ocrx_word' id='word_1_221' title='bbox 1381 1782 1412 1817; x_wconf 89' lang='lat' dir='ltr'>si</span> <span class='ocrx_word' id='word_1_222' title='bbox 1450 1793 1584 1817; x_wconf 85' lang='lat' dir='ltr'>voveas</span> <span class='ocrx_word' id='word_1_223' title='bbox 1623 1789 1659 1817; x_wconf 88' lang='lat' dir='ltr'>te</span> 
     </span>
     <span class='ocr_line' id='line_1_26' title="bbox 231 1842 1658 1890; baseline -0.001 -12"><span class='ocrx_word' id='word_1_224' title='bbox 231 1856 432 1890; x_wconf 80' lang='lat' dir='ltr'>numquam</span> <span class='ocrx_word' id='word_1_225' title='bbox 461 1851 695 1890; x_wconf 85' lang='lat' dir='ltr'>peccaturum</span> <span class='ocrx_word' id='word_1_226' title='bbox 721 1842 921 1883; x_wconf 81' lang='lat' dir='ltr'>venialiter,</span> <span class='ocrx_word' id='word_1_227' title='bbox 941 1843 1022 1888; x_wconf 81' lang='lat' dir='ltr'>quia</span> <span class='ocrx_word' id='word_1_228' title='bbox 1053 1843 1121 1876; x_wconf 86' lang='lat' dir='ltr'>hoc</span> <span class='ocrx_word' id='word_1_229' title='bbox 1148 1853 1222 1877; x_wconf 91' lang='lat' dir='ltr'>non</span> <span class='ocrx_word' id='word_1_230' title='bbox 1241 1850 1294 1876; x_wconf 89' lang='lat' dir='ltr'>est</span> <span class='ocrx_word' id='word_1_231' title='bbox 1322 1843 1357 1876; x_wconf 87' lang='lat' dir='ltr'>in</span> <span class='ocrx_word' id='word_1_232' title='bbox 1384 1851 1445 1877; x_wconf 90' lang='lat' dir='ltr'>tua</span> <span class='ocrx_word' id='word_1_233' title='bbox 1467 1848 1658 1887; x_wconf 84' lang='lat' dir='ltr'>potestate.</span> 
     </span>
     <span class='ocr_line' id='line_1_27' title="bbox 219 1900 1657 1948; baseline -0.002 -10"><span class='ocrx_word' id='word_1_234' title='bbox 219 1902 389 1941; x_wconf 66' lang='lat' dir='ltr'>secundo,</span> <span class='ocrx_word' id='word_1_235' title='bbox 416 1904 442 1937; x_wconf 84' lang='lat' dir='ltr'>si</span> <span class='ocrx_word' id='word_1_236' title='bbox 470 1913 604 1936; x_wconf 80' lang='lat' dir='ltr'>voveas</span> <span class='ocrx_word' id='word_1_237' title='bbox 631 1913 722 1948; x_wconf 85' lang='lat' dir='ltr'>opus</span> <span class='ocrx_word' id='word_1_238' title='bbox 749 1901 887 1935; x_wconf 83' lang='lat' dir='ltr'>malum</span> <span class='ocrx_word' id='word_1_239' title='bbox 914 1910 974 1936; x_wconf 81' lang='lat' dir='ltr'>aut</span> <span class='ocrx_word' id='word_1_240' title='bbox 1001 1900 1223 1936; x_wconf 81' lang='lat' dir='ltr'>indifferens:</span> <span class='ocrx_word' id='word_1_241' title='bbox 1257 1912 1366 1936; x_wconf 89' lang='lat' dir='ltr'>nemo</span> <span class='ocrx_word' id='word_1_242' title='bbox 1395 1900 1492 1935; x_wconf 86' lang='lat' dir='ltr'>enim</span> <span class='ocrx_word' id='word_1_243' title='bbox 1523 1900 1657 1947; x_wconf 87' lang='lat' dir='ltr'>aliquid</span> 
     </span>
     <span class='ocr_line' id='line_1_28' title="bbox 229 1958 1655 2008; baseline -0.002 -12"><span class='ocrx_word' id='word_1_244' title='bbox 229 1963 407 2008; x_wconf 87' lang='lat' dir='ltr'>promittit</span> <span class='ocrx_word' id='word_1_245' title='bbox 435 1963 549 2004; x_wconf 81' lang='lat' dir='ltr'>alteri,</span> <span class='ocrx_word' id='word_1_246' title='bbox 576 1962 643 1995; x_wconf 89' lang='lat' dir='ltr'>nisi</span> <span class='ocrx_word' id='word_1_247' title='bbox 668 1960 765 2007; x_wconf 84' lang='lat' dir='ltr'>quod</span> <span class='ocrx_word' id='word_1_248' title='bbox 793 1961 822 1995; x_wconf 91' lang='lat' dir='ltr'>ei</span> <span class='ocrx_word' id='word_1_249' title='bbox 851 1970 993 2006; x_wconf 85' lang='lat' dir='ltr'>gratum</span> <span class='ocrx_word' id='word_1_250' title='bbox 1021 1969 1084 2003; x_wconf 87' lang='lat' dir='ltr'>est,</span> <span class='ocrx_word' id='word_1_251' title='bbox 1112 1960 1193 1996; x_wconf 87' lang='lat' dir='ltr'>Deo</span> <span class='ocrx_word' id='word_1_252' title='bbox 1221 1969 1344 1995; x_wconf 88' lang='lat' dir='ltr'>autem</span> <span class='ocrx_word' id='word_1_253' title='bbox 1372 1958 1462 1994; x_wconf 86' lang='lat' dir='ltr'>nihil</span> <span class='ocrx_word' id='word_1_254' title='bbox 1489 1968 1542 1994; x_wconf 92' lang='lat' dir='ltr'>est</span> <span class='ocrx_word' id='word_1_255' title='bbox 1568 1970 1655 2007; x_wconf 85' lang='lat' dir='ltr'>gra-</span> 
     </span>
     <span class='ocr_line' id='line_1_29' title="bbox 230 2018 1656 2069; baseline -0.001 -12"><span class='ocrx_word' id='word_1_256' title='bbox 230 2033 320 2064; x_wconf 87' lang='lat' dir='ltr'>tum,</span> <span class='ocrx_word' id='word_1_257' title='bbox 347 2023 416 2056; x_wconf 88' lang='lat' dir='ltr'>nisi</span> <span class='ocrx_word' id='word_1_258' title='bbox 443 2023 539 2069; x_wconf 89' lang='lat' dir='ltr'>quod</span> <span class='ocrx_word' id='word_1_259' title='bbox 567 2023 717 2056; x_wconf 88' lang='lat' dir='ltr'>bonum.</span> <span class='ocrx_word' id='word_1_260' title='bbox 748 2021 876 2062; x_wconf 46' lang='lat' dir='ltr'>Tatio,</span> <span class='ocrx_word' id='word_1_261' title='bbox 903 2021 932 2055; x_wconf 88' lang='lat' dir='ltr'>si</span> <span class='ocrx_word' id='word_1_262' title='bbox 957 2032 1094 2055; x_wconf 85' lang='lat' dir='ltr'>voveas</span> <span class='ocrx_word' id='word_1_263' title='bbox 1118 2029 1154 2055; x_wconf 87' lang='lat' dir='ltr'>te</span> <span class='ocrx_word' id='word_1_264' title='bbox 1180 2032 1255 2055; x_wconf 91' lang='lat' dir='ltr'>non</span> <span class='ocrx_word' id='word_1_265' title='bbox 1282 2020 1451 2055; x_wconf 88' lang='lat' dir='ltr'>daturum</span> <span class='ocrx_word' id='word_1_266' title='bbox 1490 2018 1656 2055; x_wconf 89' lang='lat' dir='ltr'>eleemo-</span> 
     </span>
     <span class='ocr_line' id='line_1_30' title="bbox 230 2077 1654 2128; baseline -0.003 -11"><span class='ocrx_word' id='word_1_267' title='bbox 230 2094 372 2128; x_wconf 79' lang='lat' dir='ltr'>synam,</span> <span class='ocrx_word' id='word_1_268' title='bbox 403 2094 477 2116; x_wconf 87' lang='lat' dir='ltr'>non</span> <span class='ocrx_word' id='word_1_269' title='bbox 504 2081 664 2116; x_wconf 84' lang='lat' dir='ltr'>futurum</span> <span class='ocrx_word' id='word_1_270' title='bbox 692 2081 932 2127; x_wconf 84' lang='lat' dir='ltr'>Religiosum‚</span> <span class='ocrx_word' id='word_1_271' title='bbox 958 2092 1033 2115; x_wconf 84' lang='lat' dir='ltr'>non</span> <span class='ocrx_word' id='word_1_272' title='bbox 1060 2088 1311 2126; x_wconf 69' lang='lat' dir='ltr'>suscepturum</span> <span class='ocrx_word' id='word_1_273' title='bbox 1340 2089 1461 2114; x_wconf 78' lang='lat' dir='ltr'>sacros</span> <span class='ocrx_word' id='word_1_274' title='bbox 1479 2077 1654 2114; x_wconf 87' lang='lat' dir='ltr'>Ordines:</span> 
     </span>
     <span class='ocr_line' id='line_1_31' title="bbox 231 2138 1657 2187; baseline -0.003 -11"><span class='ocrx_word' id='word_1_275' title='bbox 231 2143 358 2177; x_wconf 80' lang='lat' dir='ltr'>melius</span> <span class='ocrx_word' id='word_1_276' title='bbox 386 2144 481 2176; x_wconf 84' lang='lat' dir='ltr'>enim</span> <span class='ocrx_word' id='word_1_277' title='bbox 509 2151 561 2176; x_wconf 83' lang='lat' dir='ltr'>est</span> <span class='ocrx_word' id='word_1_278' title='bbox 589 2141 672 2175; x_wconf 87' lang='lat' dir='ltr'>dare</span> <span class='ocrx_word' id='word_1_279' title='bbox 699 2141 985 2187; x_wconf 83' lang='lat' dir='ltr'>eleemosynam,</span> <span class='ocrx_word' id='word_1_280' title='bbox 1012 2140 1089 2174; x_wconf 87' lang='lat' dir='ltr'>fieri</span> <span class='ocrx_word' id='word_1_281' title='bbox 1117 2139 1361 2185; x_wconf 84' lang='lat' dir='ltr'>Religiosum,</span> <span class='ocrx_word' id='word_1_282' title='bbox 1386 2138 1566 2184; x_wconf 86' lang='lat' dir='ltr'>suscipere</span> <span class='ocrx_word' id='word_1_283' title='bbox 1601 2149 1657 2173; x_wconf 87' lang='lat' dir='ltr'>sa-</span> 
     </span>
     <span class='ocr_line' id='line_1_32' title="bbox 229 2199 1488 2243; baseline -0.002 -6"><span class='ocrx_word' id='word_1_284' title='bbox 229 2213 310 2237; x_wconf 89' lang='lat' dir='ltr'>cros</span> <span class='ocrx_word' id='word_1_285' title='bbox 337 2203 505 2238; x_wconf 83' lang='lat' dir='ltr'>Ordines.</span> <span class='ocrx_word' id='word_1_286' title='bbox 527 2217 544 2233; x_wconf 87' lang='lat'><strong>»</strong></span> <span class='ocrx_word' id='word_1_287' title='bbox 575 2201 633 2237; x_wconf 84' lang='lat' dir='ltr'>Cf.</span> <span class='ocrx_word' id='word_1_288' title='bbox 660 2202 934 2243; x_wconf 86' lang='lat' dir='ltr'>Bellarminum‚</span> <span class='ocrx_word' id='word_1_289' title='bbox 961 2200 1006 2235; x_wconf 89' lang='lat' dir='ltr'>de</span> <span class='ocrx_word' id='word_1_290' title='bbox 1031 2199 1220 2235; x_wconf 87' lang='lat' dir='ltr'>Monachis</span> <span class='ocrx_word' id='word_1_291' title='bbox 1247 2199 1267 2234; x_wconf 93' lang='grc'>1.</span> <span class='ocrx_word' id='word_1_292' title='bbox 1299 2199 1344 2234; x_wconf 89' lang='grc' dir='ltr'>ΙΙ.</span> <span class='ocrx_word' id='word_1_293' title='bbox 1374 2211 1404 2234; x_wconf 90' lang='grc'>6.</span> <span class='ocrx_word' id='word_1_294' title='bbox 1438 2207 1488 2240; x_wconf 89' lang='lat'>14.</span> 
     </span>
    </p>

    <p class='ocr_par' dir='ltr' id='par_1_7' title="bbox 228 2257 1656 2608">
     <span class='ocr_line' id='line_1_33' title="bbox 325 2257 1656 2314; baseline -0.003 -18"><span class='ocrx_word' id='word_1_295' title='bbox 325 2263 379 2306; x_wconf 84' lang='lat'>(2)</span> <span class='ocrx_word' id='word_1_296' title='bbox 408 2262 464 2297; x_wconf 86' lang='lat' dir='ltr'>Cf.</span> <span class='ocrx_word' id='word_1_297' title='bbox 490 2263 631 2314; x_wconf 30' lang='lat' dir='ltr'>‘Sumen</span> <span class='ocrx_word' id='word_1_298' title='bbox 661 2262 703 2295; x_wconf 89' lang='lat' dir='ltr'>de</span> <span class='ocrx_word' id='word_1_299' title='bbox 731 2270 819 2296; x_wconf 88' lang='lat' dir='ltr'>voto</span> <span class='ocrx_word' id='word_1_300' title='bbox 849 2261 871 2295; x_wconf 85' lang='lat' dir='ltr'>l.</span> <span class='ocrx_word' id='word_1_301' title='bbox 898 2260 942 2295; x_wconf 94' lang='lat' dir='ltr'>II.</span> <span class='ocrx_word' id='word_1_302' title='bbox 964 2272 991 2294; x_wconf 85' lang='lat' dir='ltr'>c.</span> <span class='ocrx_word' id='word_1_303' title='bbox 1014 2271 1046 2304; x_wconf 87' lang='lat'>7.</span> <span class='ocrx_word' id='word_1_304' title='bbox 1068 2260 1106 2294; x_wconf 84' lang='lat' dir='ltr'>In</span> <span class='ocrx_word' id='word_1_305' title='bbox 1135 2271 1234 2294; x_wconf 90' lang='lat' dir='ltr'>num.</span> <span class='ocrx_word' id='word_1_306' title='bbox 1255 2269 1287 2294; x_wconf 88' lang='lat'>2.</span> <span class='ocrx_word' id='word_1_307' title='bbox 1307 2260 1357 2293; x_wconf 86' lang='lat' dir='ltr'>sic</span> <span class='ocrx_word' id='word_1_308' title='bbox 1385 2258 1515 2304; x_wconf 86' lang='lat' dir='ltr'>arguit:</span> <span class='ocrx_word' id='word_1_309' title='bbox 1544 2271 1562 2289; x_wconf 83' lang='lat'><strong>«</strong></span> <span class='ocrx_word' id='word_1_310' title='bbox 1580 2257 1656 2292; x_wconf 93' lang='lat' dir='ltr'>Vo-</span> 
     </span>
     <span class='ocr_line' id='line_1_34' title="bbox 229 2316 1652 2367; baseline -0.004 -10"><span class='ocrx_word' id='word_1_311' title='bbox 229 2332 306 2358; x_wconf 87' lang='lat' dir='ltr'>tum</span> <span class='ocrx_word' id='word_1_312' title='bbox 336 2323 471 2356; x_wconf 82' lang='lat' dir='ltr'>inducit</span> <span class='ocrx_word' id='word_1_313' title='bbox 498 2322 778 2367; x_wconf 83' lang='lat' dir='ltr'>obligationem.</span> <span class='ocrx_word' id='word_1_314' title='bbox 807 2320 877 2356; x_wconf 87' lang='lat' dir='ltr'>Sed</span> <span class='ocrx_word' id='word_1_315' title='bbox 904 2331 979 2354; x_wconf 90' lang='lat' dir='ltr'>non</span> <span class='ocrx_word' id='word_1_316' title='bbox 1009 2328 1129 2365; x_wconf 86' lang='lat' dir='ltr'>potest</span> <span class='ocrx_word' id='word_1_317' title='bbox 1155 2329 1281 2354; x_wconf 90' lang='lat' dir='ltr'>votum</span> <span class='ocrx_word' id='word_1_318' title='bbox 1309 2317 1473 2365; x_wconf 85' lang='lat' dir='ltr'>obligare</span> <span class='ocrx_word' id='word_1_319' title='bbox 1499 2316 1542 2352; x_wconf 75' lang='lat' dir='ltr'>ad</span> <span class='ocrx_word' id='word_1_320' title='bbox 1577 2324 1652 2352; x_wconf 81' lang='lat' dir='ltr'>non</span> 
     </span>
     <span class='ocr_line' id='line_1_35' title="bbox 228 2375 1654 2427; baseline -0.006 -10"><span class='ocrx_word' id='word_1_321' title='bbox 228 2382 434 2417; x_wconf 85' lang='lat' dir='ltr'>faciendum</span> <span class='ocrx_word' id='word_1_322' title='bbox 461 2382 508 2424; x_wconf 88' lang='lat' dir='ltr'>id,</span> <span class='ocrx_word' id='word_1_323' title='bbox 535 2381 632 2427; x_wconf 67' lang='lat' dir='ltr'>quod</span> <span class='ocrx_word' id='word_1_324' title='bbox 651 2380 779 2415; x_wconf 85' lang='lat' dir='ltr'>melius</span> <span class='ocrx_word' id='word_1_325' title='bbox 807 2389 871 2415; x_wconf 92' lang='lat' dir='ltr'>est.</span> <span class='ocrx_word' id='word_1_326' title='bbox 890 2379 986 2424; x_wconf 77' lang='lat' dir='ltr'>Ergo</span> <span class='ocrx_word' id='word_1_327' title='bbox 1013 2390 1087 2413; x_wconf 91' lang='lat' dir='ltr'>non</span> <span class='ocrx_word' id='word_1_328' title='bbox 1116 2387 1235 2424; x_wconf 89' lang='lat' dir='ltr'>potest</span> <span class='ocrx_word' id='word_1_329' title='bbox 1263 2377 1427 2423; x_wconf 86' lang='lat' dir='ltr'>obligare</span> <span class='ocrx_word' id='word_1_330' title='bbox 1453 2375 1498 2410; x_wconf 84' lang='lat' dir='ltr'>ad</span> <span class='ocrx_word' id='word_1_331' title='bbox 1516 2375 1654 2410; x_wconf 84' lang='lat' dir='ltr'>bonurn</span> 
     </span>
     <span class='ocr_line' id='line_1_36' title="bbox 228 2434 1653 2485; baseline -0.006 -9"><span class='ocrx_word' id='word_1_332' title='bbox 228 2453 311 2476; x_wconf 88' lang='lat' dir='ltr'>curn</span> <span class='ocrx_word' id='word_1_333' title='bbox 338 2442 555 2476; x_wconf 82' lang='lat' dir='ltr'>detrimento</span> <span class='ocrx_word' id='word_1_334' title='bbox 583 2440 742 2475; x_wconf 88' lang='lat' dir='ltr'>melioris</span> <span class='ocrx_word' id='word_1_335' title='bbox 770 2439 868 2474; x_wconf 87' lang='lat' dir='ltr'>boni.</span> <span class='ocrx_word' id='word_1_336' title='bbox 889 2438 1131 2485; x_wconf 74' lang='lat' dir='ltr'>Consequentia</span> <span class='ocrx_word' id='word_1_337' title='bbox 1149 2446 1257 2484; x_wconf 89' lang='lat' dir='ltr'>patet,</span> <span class='ocrx_word' id='word_1_338' title='bbox 1276 2437 1356 2483; x_wconf 84' lang='lat' dir='ltr'>quia</span> <span class='ocrx_word' id='word_1_339' title='bbox 1376 2436 1450 2470; x_wconf 75' lang='lat' dir='ltr'>iam</span> <span class='ocrx_word' id='word_1_340' title='bbox 1475 2434 1653 2481; x_wconf 84' lang='lat' dir='ltr'>obligaret</span> 
     </span>
     <span class='ocr_line' id='line_1_37' title="bbox 229 2494 1655 2544; baseline -0.005 -9"><span class='ocrx_word' id='word_1_341' title='bbox 229 2501 274 2535; x_wconf 87' lang='lat' dir='ltr'>ad</span> <span class='ocrx_word' id='word_1_342' title='bbox 300 2501 542 2536; x_wconf 86' lang='lat' dir='ltr'>omittendum</span> <span class='ocrx_word' id='word_1_343' title='bbox 570 2501 701 2533; x_wconf 86' lang='lat' dir='ltr'>melius</span> <span class='ocrx_word' id='word_1_344' title='bbox 728 2500 865 2534; x_wconf 84' lang='lat' dir='ltr'>bonurn</span> <span class='ocrx_word' id='word_1_345' title='bbox 891 2507 1039 2544; x_wconf 89' lang='lat' dir='ltr'>propter</span> <span class='ocrx_word' id='word_1_346' title='bbox 1066 2498 1197 2532; x_wconf 88' lang='lat' dir='ltr'>minus.</span> <span class='ocrx_word' id='word_1_347' title='bbox 1223 2497 1400 2532; x_wconf 77' lang='lat' dir='ltr'>Probatur</span> <span class='ocrx_word' id='word_1_348' title='bbox 1425 2503 1513 2541; x_wconf 82' lang='lat' dir='ltr'>ergo</span> <span class='ocrx_word' id='word_1_349' title='bbox 1528 2494 1655 2528; x_wconf 83' lang='lat' dir='ltr'>minor:</span> 
     </span>
     <span class='ocr_line' id='line_1_38' title="bbox 228 2553 1653 2608; baseline -0.007 -12"><span class='ocrx_word' id='word_1_350' title='bbox 228 2562 309 2608; x_wconf 88' lang='lat' dir='ltr'>quia</span> <span class='ocrx_word' id='word_1_351' title='bbox 335 2561 485 2596; x_wconf 88' lang='lat' dir='ltr'>materia</span> <span class='ocrx_word' id='word_1_352' title='bbox 513 2560 587 2595; x_wconf 88' lang='lat' dir='ltr'>voti</span> <span class='ocrx_word' id='word_1_353' title='bbox 615 2560 723 2594; x_wconf 86' lang='lat' dir='ltr'>debet</span> <span class='ocrx_word' id='word_1_354' title='bbox 750 2571 828 2594; x_wconf 87' lang='lat' dir='ltr'>esse</span> <span class='ocrx_word' id='word_1_355' title='bbox 855 2569 1018 2593; x_wconf 89' lang='lat' dir='ltr'>consona</span> <span class='ocrx_word' id='word_1_356' title='bbox 1046 2557 1187 2591; x_wconf 89' lang='lat' dir='ltr'>divinae</span> <span class='ocrx_word' id='word_1_357' title='bbox 1214 2555 1407 2597; x_wconf 85' lang='lat' dir='ltr'>voluntati,</span> <span class='ocrx_word' id='word_1_358' title='bbox 1432 2553 1518 2590; x_wconf 87' lang='lat' dir='ltr'>alias</span> <span class='ocrx_word' id='word_1_359' title='bbox 1551 2554 1653 2590; x_wconf 88' lang='lat' dir='ltr'>Deus</span> 
     </span>
    </p>
   </div>
  </div>
 </body>
</html>
