1737 2802
230 199 336 241 quae
369 183 478 224 sicut
511 195 597 223 non
633 180 780 236 incipit
812 178 999 236 obligare
1031 179 1111 222 nisi
1145 191 1377 237 postquam
1409 178 1456 222 fit
1477 191 1655 234 votum,

231 256 287 297 ita
320 269 406 296 non
440 263 663 295 conservat
697 249 1005 307 obligationem
1039 252 1104 307 (ut
1136 251 1195 293 sic
1239 251 1394 306 dicam)
1449 251 1531 294 nisi
1577 249 1658 294 du-

232 339 348 370 rante
382 337 499 380 voto;
533 324 567 365 si
603 334 744 366 autem
778 334 929 365 votum
964 321 1095 365 semel
1129 321 1289 365 factum
1312 321 1541 379 auferatur,
1567 338 1663 369 ces-

231 398 337 441 sabit
372 396 576 453 obligatio
611 395 722 437 illius
755 394 862 451 legis
898 395 987 437 sine
1028 394 1345 451 dispensatione
1377 394 1420 438 in
1452 394 1536 453 illa3
1571 395 1659 440 hoc

231 485 335 526 ergo
369 467 414 510 fit
449 483 521 525 per
557 466 923 524 dispensationem
970 465 1073 509 voti.
1121 464 1258 508 Affert
1305 465 1552 524 exemplum
1600 468 1656 511 D.

233 541 432 585 Thomas
469 544 522 591 (Ι)
563 538 614 581 de
662 537 755 594 lege
804 537 1018 581 humana:
1068 553 1164 580 nam
1200 538 1325 581 etiam
1358 537 1425 581 lex
1456 537 1661 582 naturalis

232 614 361 657 dictat
395 628 486 656 esse
510 609 759 653 servandam
793 608 934 666 legem
969 608 1217 662 humanam3
1251 610 1286 652 si
1318 621 1462 652 tamen
1485 609 1551 653 lex
1573 609 1664 653 bu-

233 700 356 728 mana
389 682 602 727 auferatur
633 680 699 724 vel
733 681 984 738 simpliciter
1015 679 1081 722 vel
1113 680 1156 723 in
1190 695 1303 737 casu,
1331 680 1414 722 iarn
1437 695 1525 723 non
1553 679 1659 724 obli-

231 756 345 814 gabit
379 754 447 799 illa
479 754 545 798 lex
577 752 794 810 naturalis,
825 751 920 795 licet
952 753 993 794 in
1028 767 1074 794 ea
1106 766 1194 795 non
1226 751 1298 794 fiet
1332 750 1657 809 dispensatio.»

232 829 283 871 Et
307 827 432 886 paulo
456 825 630 869 inferius
655 825 712 881 (2)
736 823 865 868 addit:
897 824 1026 866 «Hoc
1050 822 1184 866 modo
1208 836 1358 866 votum
1384 837 1548 868 mutare
1571 840 1660 869 non

232 914 295 945 est
330 912 475 943 contra
508 898 647 954 legem
683 896 919 939 naturalem
954 894 1159 938 reddendi
1192 909 1308 951 vota,
1350 897 1449 954 quia
1481 895 1548 940 lex
1594 895 1663 941 illa

231 973 375 1016 solum
423 971 527 1028 petit
575 967 965 1011 immutabilitatem
1014 968 1054 1009 in
1097 967 1318 1012 voluntate
1368 969 1671 1025 promittentis

230 1047 321 1088 sine
355 1058 568 1087 consensu
604 1040 882 1099 promissarii,
916 1055 1003 1082 non
1048 1052 1192 1083 autem
1242 1040 1314 1083 illo
1366 1041 1665 1086 consentiente

231 1116 298 1160 vel
330 1116 411 1159 iuri
446 1130 526 1158 suo
561 1113 737 1156 cedente
771 1127 844 1170 per
879 1128 922 1154 se
955 1111 1021 1155 vel
1055 1128 1129 1170 per
1160 1113 1367 1156 vicarium
1407 1128 1551 1158 suum.
1577 1132 1599 1154 »

352 1188 483 1243 Haec,
518 1186 704 1243 inquieS,
740 1184 885 1226 omnia
917 1182 1056 1226 valent
1089 1184 1131 1226 in
1166 1185 1379 1241 praesenti
1411 1193 1669 1243 supernatet·

232 1260 313 1303 rali
345 1258 510 1302 ordine:
546 1270 720 1302 eatenus
755 1257 870 1299 enim
899 1256 1000 1299 haec
1023 1256 1170 1299 onmia
1192 1256 1353 1299 scimus
1379 1273 1424 1300 ac
1446 1269 1668 1312 oenemusr

233 1344 442 1389 quatenus
476 1330 677 1374 Christus
713 1329 931 1372 Dominus
965 1341 1106 1386 aperte
1150 1327 1269 1385 dixit,
1317 1328 1457 1374 soluta
1489 1329 1582 1374 fore
1617 1331 1664 1374 in

234 1404 358 1447 caelis
391 1418 451 1458 ea,
487 1418 594 1460 quae
628 1401 779 1443 Petrus
814 1399 1000 1443 solveret
1032 1400 1074 1443 in
1108 1400 1245 1443 terris.
1280 1401 1337 1444 At
1371 1400 1475 1459 quid
1508 1400 1660 1445 fuisset

234 1478 275 1520 in
310 1475 460 1519 ordine
493 1490 538 1518 ac
577 1486 686 1516 statu
737 1488 865 1530 purae
913 1485 1085 1516 naturae
1135 1471 1222 1516 sola
1270 1473 1433 1517 ratione
1480 1473 1666 1518 naturali

234 1548 414 1592 ductae?
448 1571 504 1579 —-
538 1545 798 1603 Respondeo
833 1545 875 1586 in
910 1559 960 1587 eo
994 1545 1121 1587 etiam
1155 1543 1307 1587 ordine
1341 1559 1386 1588 ac
1418 1557 1528 1589 statu
1562 1558 1667 1589 vota⁴

234 1636 282 1664 ex
319 1635 356 1663 se
406 1635 480 1662 seu
527 1618 580 1661 ab
627 1618 840 1660 intrinseco
889 1617 1131 1673 potuissent
1180 1630 1356 1660 cessare.
1410 1617 1662 1661 Potuissent

234 1694 362 1736 etiam
397 1691 447 1734 ab
481 1691 697 1733 extrinseco
730 1687 820 1730 tolli
855 1702 928 1745 per
962 1687 1244 1730 irritationem
1268 1687 1471 1731 directam
1495 1687 1561 1731 vel
1586 1703 1668 1746 per*

233 1762 486 1806 indirectam
512 1760 794 1803 irritationem
819 1757 1036 1816 suspendi:
1055 1758 1183 1801 etiam
1209 1759 1494 1802 commutatio
1518 1759 1560 1802 in
1585 1758 1667 1802 bo—

234 1850 338 1878 num
385 1833 600 1877 evidenter
650 1830 803 1874 melius
836 1832 893 1886 (3)
943 1831 1154 1887 potuisset
1200 1829 1460 1889 quandoque
1506 1829 1670 1875 habere.-

327 2067 383 2111 (1)
410 2067 448 2100 In
479 2075 510 2100 2.
537 2075 568 2099 2.
595 2076 628 2110 q.
655 2063 713 2098 88.
742 2074 771 2097 a.
806 2072 855 2097 io.
883 2061 918 2095 in
945 2072 1107 2107 respons.
1133 2061 1177 2095 ad
1204 2067 1260 2096 2¹¹².

330 2126 384 2170 (2)
411 2123 523 2159 Num.
559 2122 611 2158 16.

330 2186 386 2230 (3)
414 2186 557 2220 Docent
586 2182 832 2218 communiter
858 2189 1034 2222 auctores,
1061 2191 1240 2227 quemque
1274 2191 1381 2226 posse
1420 2179 1560 2226 privata
1597 2191 1671 2213 au—

236 2246 399 2280 ctoritate
426 2254 553 2280 votum
581 2254 685 2277 suurn
712 2250 938 2276 commutare
964 2241 1001 2275 in
1028 2252 1120 2286 opus
1145 2240 1330 2275 evidenter
1357 2239 1487 2275 melius
1527 2239 1669 2285 (modo-

235 2303 270 2337 id
297 2303 461 2338 Ecclesia
486 2304 521 2337 in
550 2313 632 2337 casu
659 2299 860 2347 particulari
887 2311 961 2334 non
989 2298 1236 2346 prohibuerit);
1265 2299 1346 2346 quia
1372 2298 1460 2333 dum
1487 2299 1565 2346 quis
1592 2310 1659 2344 pe-

235 2362 329 2408 ragit
356 2373 445 2408 opus
472 2373 507 2395 re
535 2361 713 2406 promissa
741 2358 948 2406 perfectius,
975 2370 1019 2393 eo
1046 2359 1125 2404 ipso
1154 2358 1187 2392 id
1224 2366 1353 2401 servat,
1381 2357 1476 2404 quod
1518 2357 1667 2404 promi--

236 2430 339 2458 serat.
360 2432 440 2454 curn
461 2418 659 2466 perfectum
680 2419 714 2452 in
735 2417 943 2464 perfectiori
961 2416 1174 2452 includatur.
1192 2415 1323 2451 Melius
1342 2424 1465 2451 autem
1484 2423 1668 2458 censetur,

238 2478 334 2525 quod
361 2479 404 2513 ad
432 2480 607 2513 maiorem
636 2478 828 2513 utilitatem
854 2476 1079 2524 spiritualem
1105 2475 1274 2512 voventis
1300 2487 1341 2511 ac
1368 2475 1483 2510 maius
1500 2475 1569 2511 Dei
1594 2475 1669 2510 ob-

235 2540 400 2586 sequium
429 2539 612 2574 conducit.
639 2538 692 2574 Cf.
721 2538 835 2585 Gury,
863 2538 907 2573 de
935 2546 1022 2573 voto
1047 2549 1147 2573 num.
1175 2546 1255 2583 334.
