1737 2802
738 110 1006 152 „332-

155 192 259 234 Duo
295 191 396 234 haec
422 193 630 249 principia
654 194 904 250 praesertim
940 195 1069 236 statui
1095 194 1247 240 solent:
1277 195 1357 254 1⁰.)
1386 196 1589 241 Illicitum

156 276 218 305 est
252 263 419 305 lucrum
456 265 676 321 percipere
710 280 760 306 ex
811 278 964 308 mutuo
1009 267 1184 322 praecise
1231 270 1388 312 ratione
1439 271 1587 314 mutui.

158 335 240 392 2⁰.)
275 336 462 378 Possunt
494 335 642 378 adesse
667 351 816 378 causae
853 346 993 379 ηιιιιιιο
1018 338 1261 381 extrinsecae
1294 339 1475 391 (lucrum
1502 356 1590 384 ces-

157 422 268 462 sans,
289 406 495 449 damnum
521 422 765 463 emergens,
785 407 1025 463 periculum
1048 409 1175 451 sortis
1201 410 1458 455 amittendae
1477 417 1589 465 etcA,

154 492 336 534 quarum
375 478 530 520 iutuitu
567 478 688 521 liceat
720 479 879 536 aliquid
915 480 1105 536 accipere
1141 480 1247 523 ultra
1295 490 1458 538 sortem,
1492 484 1518 526 i.
1553 499 1587 526 e.

154 550 264 592 ultra
297 565 385 593 rem
422 563 576 593 mutuo
611 550 767 593 datam.

280 628 320 679 γ)
357 622 515 664 iniuria
550 624 676 665 etiam
713 635 776 665 est
825 624 999 681 simplex
1047 624 1342 683 damnifica-tio,
1376 641 1484 684 quae
1531 625 1593 681 fit,

156 693 330 749 quando
365 692 540 750 aliquod
577 695 778 750 proximo
816 694 996 737 infertur
1030 694 1256 750 damnum,
1293 697 1395 754 quin
1446 696 1591 740 damni

159 764 298 807 illator
333 764 495 822 aliquid
531 765 609 808 sibi
656 766 859 809 lucretur:
896 783 927 809 e.
965 783 1005 824 g.
1041 768 1213 823 quando
1263 769 1360 826 quis
1410 768 1592 812 domum

162 835 334 878 alterius
370 837 571 880 incendit.
601 864 651 869 —-
679 839 795 880 Haec
830 852 971 882 auten]
1002 839 1154 882 iniuria
1188 839 1407 884 reducitur
1430 840 1481 884 ad
1496 841 1595 899 fur-

159 917 246 950 tum
280 908 345 951 vel
381 910 590 967 rapinam,
625 922 755 966 prout
786 911 890 953 clam
924 910 989 954 vel
1016 912 1161 968 palam
1195 925 1474 969 perpetratur.

279 976 316 1030 δ)
352 981 424 1022 Ius
459 980 649 1023 alienum
686 981 753 1023 iile
798 982 927 1024 etiam
971 982 1117 1038 violat,
1151 983 1224 1040 qui
1272 998 1359 1026 non
1411 985 1595 1028 restituit

156 1051 234 1094 sed
270 1051 430 1094 detinet
464 1069 572 1105 rem,
599 1069 727 1110 quain
764 1053 940 1096 reddere
973 1067 1155 1099 tenetur.
1180 1081 1238 1086 ——
1262 1055 1351 1108 Est,
1388 1068 1434 1099 ut
1466 1068 1597 1113 patet,

159 1121 260 1164 furti
301 1138 414 1167 reus:
449 1139 537 1166 rem
575 1125 690 1167 enim
726 1124 905 1167 alienam
942 1125 1021 1168 sibi
1055 1127 1221 1178 retinet,
1249 1125 1430 1171 domino
1465 1129 1595 1171 ratio-

157 1193 355 1237 nabiliter
373 1196 521 1238 invito.
541 1195 606 1239 Ad
632 1211 720 1238 rem
746 1213 778 1239 s.
806 1197 1005 1240 Thomas
1030 1197 1116 1256 (]);
1144 1200 1385 1242 «Detinere
1411 1198 1452 1242 id
1477 1199 1594 1257 quod

153 1265 274 1308 alteri
310 1265 501 1320 debetur,
535 1267 732 1310 eamdem
769 1269 980 1311 rationem
1016 1271 1267 1314 nocumenti
1319 1269 1443 1314 habet
1492 1286 1590 1314 cum

160 1338 408 1394 acceptione
443 1339 612 1382 iniusta.
650 1340 701 1382 Et
738 1338 837 1382 ideo
873 1339 951 1382 sub
985 1341 1141 1384 iniusta
1174 1342 1421 1399 acceptione
1464 1341 1594 1385 intel-

155 1408 307 1465 ligitur
341 1411 469 1453 etiam
506 1411 663 1454 iniusta
698 1411 904 1456 detentio.
927 1431 948 1452 »

278 1488 307 1529 ε)
343 1482 433 1534 Qui
468 1483 630 1525 invenit
662 1499 752 1526 rem
778 1483 826 1526 ab
857 1484 937 1527 alio
973 1485 1191 1541 amissam,
1215 1483 1338 1527 debet
1372 1484 1590 1541 inquirere

161 1551 212 1595 de
246 1552 446 1605 domino,
482 1555 607 1612 eique
641 1570 731 1597 rem
768 1557 1005 1599 restituere.
1042 1556 1084 1599 Si
1109 1571 1130 1598 e
1156 1555 1373 1598 contrario
1408 1570 1497 1598 non
1530 1555 1594 1597 in-

154 1626 298 1683 quirat
333 1625 384 1669 de
412 1626 594 1669 domino
619 1639 658 1669 et
691 1642 782 1670 rem
808 1627 922 1670 illam
949 1627 1132 1670 alienam
1167 1627 1246 1670 sibi
1270 1627 1466 1683 retineat,
1490 1625 1596 1670 furti

160 1699 341 1741 crimine
374 1714 420 1741 se
468 1698 725 1755 obstringet,
759 1700 875 1742 iuxta
924 1698 1026 1742 iliud
1062 1715 1094 1741 s.
1129 1699 1362 1756 Augustini
1396 1699 1471 1755 (2):
1507 1700 1593 1743 «Si

153 1769 264 1828 quid
300 1771 517 1822 invenisti,
553 1783 593 1814 et
628 1786 715 1814 non
739 1770 980 1823 reddidisti,
1016 1772 1252 1829 rapuisti.»
1278 1795 1333 1804 —
1359 1771 1475 1827 Dixi,
1508 1786 1594 1815 rem

159 1843 212 1885 ab
243 1843 326 1886 alio
358 1844 569 1886 amissam.
603 1843 757 1900 Neque
792 1843 907 1886 enim
942 1842 1104 1886 furtum
1139 1855 1220 1896 est,
1255 1842 1334 1886 sibi
1378 1857 1595 1886 reservare

160 1930 244 1971 res,
268 1930 375 1972 quae
399 1915 464 1958 vel
498 1914 655 1958 nullius
681 1931 889 1974 umquam
924 1915 1109 1973 fuerunt,
1132 1915 1198 1959 vel
1233 1931 1254 1958 a
1287 1915 1468 1959 domino
1492 1929 1594 1960 sunt

161 1985 397 2029 derelictae.

280 2057 318 2112 ζ)
353 2059 569 2102 Iniustum
604 2059 777 2103 tandein
814 2072 893 2113 est,
930 2074 996 2101 res
1033 2073 1264 2103 comumnes
1297 2056 1376 2100 sibi
1428 2058 1595 2102 manci-

155 2145 271 2188 pare.
307 2154 364 2163 —
397 2131 495 2173 Hoc
529 2146 656 2188 agere
690 2131 804 2175 idem
842 2130 1036 2189 profecto
1070 2142 1147 2186 est,
1170 2144 1216 2172 ac
1248 2130 1395 2172 socios
1429 2130 1595 2187 privare

256 2386 307 2429 (z)
336 2385 375 2419 In
405 2395 436 2419 2.
457 2395 487 2420 2.
508 2396 541 2432 q.
560 2383 616 2420 66.
636 2397 667 2419 a.
686 2393 715 2428 3.
734 2403 779 2410 -
798 2383 892 2419 Vide
911 2395 964 2426 ea,
978 2394 1070 2430 quae
1089 2382 1246 2418 diximus
1264 2393 1385 2429 super.
1402 2381 1494 2418 thes.
1513 2381 1594 2417 vlt.

160 2458 240 2493 pag.
257 2455 322 2550 (92¹)
341 2504 457 2539 Serm.
491 2514 541 2550 ¹9·
568 2503 612 2538 de
638 2503 756 2537 verbis
784 2503 913 2548 Apost.
942 2513 971 2536 c.
999 2501 1032 2537 8.
1059 2521 1107 2530 -
1135 2500 1210 2537 Cfr.
1237 2513 1263 2537 s,
1290 2500 1488 2544 Thomam‚
1507 2500 1532 2536 l.
1562 2510 1594 2534 c.

152 2577 192 2601 2.
221 2573 250 2608 5.
277 2563 320 2598 ad
347 2570 402 2598 2¹¹¹.
