1737 2802
764 138 1030 193 -358—

180 233 429 290 permittere
454 244 499 274 ut
523 232 618 289 quis
644 231 809 276 hauriat
831 248 1000 291 aquam,
1026 233 1094 276 vel
1117 235 1264 292 ignem
1292 235 1494 281 accendat
1516 248 1620 282 etc.:·

180 303 256 347 alia
280 316 379 347 sunt
404 302 544 346 officia
567 303 856 362 beneficentiae,
880 321 987 363 quae
1012 307 1219 349 nimirum
1242 322 1331 350 non
1353 308 1444 351 sine
1467 307 1614 366 aliquo

180 389 328 419 nostro
364 375 650 418 incommodo
693 375 758 419 vel
799 375 1062 420 detrimento
1097 379 1299 435 praestari
1334 390 1531 437 possunt,
1563 392 1619 423 ut

180 465 216 491 v.
253 463 292 504 g.
329 447 428 490 dare
463 449 638 506 pauperi
663 447 1000 506 eleemosynam,
1034 465 1281 494 succurrere
1314 462 1495 508 aegroto
1528 463 1620 495 etc..

181 518 507 577 Quodcumque
540 535 640 577 erga
674 519 780 562 alios
815 519 1006 562 officium
1060 538 1081 560 «
1116 521 1158 563 in
1190 522 1259 565 hoc
1298 521 1416 566 verbo
1448 523 1615 566 instau-

179 601 315 643 ratur,
350 592 489 648 diliges
518 592 757 649 proximum
792 601 910 634 tuum
942 594 1046 635 sicut
1079 594 1248 650 teipsum
1279 593 1364 652 (1).
1384 611 1406 633 »

298 663 414 705 Haec
447 663 575 705 etiam
611 661 698 705 dari
733 661 871 705 officia
899 662 1177 706 humanitatis
1211 676 1252 706 et
1284 662 1618 720 beneficentiae?

179 733 370 791 pluribus
404 734 493 777 aliis
538 734 709 778 ostendi
755 747 895 792 potest
944 736 1225 792 argumentis.
1263 762 1314 768 —
1357 736 1436 795 1⁰.)
1469 736 1610 793 Argu}

179 821 321 865 potest
354 824 403 851 ex
436 806 632 863 analogia
665 807 864 849 omnium
914 807 1183 851 animalium.
1223 807 1412 853 «Omne
1455 807 1613 851 animal

178 880 315 937 diligit
348 879 487 922 simile
510 878 607 932 sibi,
633 878 692 920 sic
717 890 756 920 et
780 879 922 921 omnis
948 878 1091 922 homo·
1108 881 1357 937 proximum
1381 879 1462 923 sibi
1486 880 1558 935 (2).
1583 896 1613 918 »

176 977 233 985 —
267 953 344 996 2⁰st
378 953 515 1008 Argui
550 963 692 1009 potest
725 966 778 993 ex
805 951 993 994 naturali
1016 953 1308 1009 propensione
1331 952 1382 996 ad
1406 952 1610 996 beneficia

176 1024 266 1068 aliis
291 1023 590 1082 impertienda,
610 1040 659 1066 ex
683 1023 870 1066 naturali
887 1024 1269 1068 commiseratione
1292 1025 1611 1083 aliorumquos

178 1097 298 1138 malis
348 1111 580 1153 oppressos
628 1095 842 1151 videmus,
892 1111 941 1137 ex
989 1095 1174 1139 naturali
1223 1112 1356 1154 eaque
1405 1096 1610 1140 dulcissi-

177 1184 246 1212 ma
280 1168 337 1224 (3)
372 1167 654 1211 delectatione
687 1181 817 1224 quam
846 1166 894 1228 vin
927 1165 1229 1210 benefaciendo
1262 1167 1524 1224 experimur,
1557 1184 1613 1212 ex:

176 1241 363 1285 naturali
394 1239 613 1297 voluptate
649 1254 778 1296 quam
813 1254 863 1281 ex
895 1239 1081 1281 aliorum
1115 1239 1157 1281 in
1190 1253 1271 1281 nos
1309 1252 1457 1282 amore
1504 1255 1607 1298 per-

176 1315 373 1372 cipimus.
409 1314 526 1355 Haec
567 1311 731 1369 aliaque
781 1309 915 1353 multa
965 1309 1191 1353 manifeste
1240 1310 1488 1364 ostendunt,
1523 1310 1613 1353 hoc·

174 1384 282 1428 velle
313 1397 525 1440 naturam,
558 1395 604 1425 ut
637 1382 740 1425 alter
773 1382 954 1424 alterum
1005 1394 1134 1438 amet⁷
1166 1382 1268 1425 alter
1314 1381 1434 1425 alteri
1481 1383 1605 1425 auxi-

173 1457 312 1500 lietur.
347 1482 404 1490 —
440 1457 516 1511 3⁰.)
550 1455 687 1512 Argui
719 1466 862 1512 potest
895 1470 946 1497 ex
980 1469 1031 1496 eo
1057 1453 1175 1511 quod
1209 1454 1508 1512 unusquisque
1542 1465 1606 1496 est

172 1528 422 1571 naturaliter
454 1525 718 1569 insufficiens
752 1524 803 1568 ad
828 1524 1014 1582 plurima
1035 1524 1163 1577 bona,
1189 1541 1295 1582 quae
1327 1537 1473 1567 tamen
1507 1536 1614 1567 sunt

174 1599 225 1643 ad
258 1600 389 1641 vitam
426 1613 603 1656 prorsus
637 1596 890 1653 necessaria,
923 1595 1001 1639 sibi
1039 1595 1344 1654 comparanda,
1368 1611 1442 1639 seu
1475 1603 1610 1638 natu-

173 1671 315 1716 raliter
348 1669 524 1727 indigus
559 1669 653 1726 opis
687 1667 859 1710 alienae.
911 1668 1075 1711 Natura
1108 1668 1240 1724 igitur
1289 1666 1378 1710 hoc*
1417 1665 1523 1719 vult,
1559 1677 1610 1708 ut

173 1741 375 1785 homines
409 1741 552 1783 vivant
586 1741 627 1782 in
662 1740 861 1796 societate,
885 1739 926 1781 in
961 1754 1094 1796 eaque
1119 1739 1332 1796 reperiant
1365 1738 1512 1780 omnia
1537 1736 1612 1780 illa

174 1830 281 1872 quae
316 1826 414 1856 sunt
446 1812 684 1855 necessaria
718 1811 767 1854 ad
800 1811 947 1854 vitam.
974 1812 1048 1854 Est
1081 1823 1225 1854 autem
1260 1810 1311 1854 de
1345 1810 1510 1853 ratione
1543 1824 1607 1853 50-

173 1886 345 1939 cietatis,
381 1896 427 1927 ut
459 1884 566 1926 socii
600 1883 651 1926 ad
685 1883 1044 1926 consecutionem
1079 1883 1326 1925 communis
1358 1881 1460 1925 boni
1492 1897 1609 1926 sese

173 1970 328 2000 mutuo
362 1955 577 1999 adiuvent:
612 1955 760 2013 sicque
793 1955 850 2011 id,
884 1954 1003 2012 quod
1036 1969 1168 1997 nemo
1201 1953 1453 2011 singillatim
1487 1953 1611 1996 obti-

173 2043 275 2071 nere
310 2039 466 2085 potest,
500 2042 652 2070 omnes
686 2026 816 2069 simul
850 2025 1139 2084 conspirando
1173 2037 1467 2084 assequantur.
1506 2026 1609 2069 Hoc

172 2112 477 2156 argumentum
511 2098 762 2142 evolvemus
797 2097 969 2140 uberius
1015 2098 1058 2140 in
1103 2097 1240 2154 capite
1287 2097 1508 2154 s-equenti,.
1531 2095 1608 2140 ubi

172 2169 223 2212 de
255 2170 459 2212 societate
493 2169 680 2212 humana
712 2185 758 2212 ac
792 2168 843 2212 de
887 2168 1065 2212 naturali
1099 2167 1297 2210 hominis
1329 2166 1609 2210 sociabilitate

173 2256 319 2284 sermo
353 2243 447 2285 erit.

263 2460 316 2506 (1)
341 2462 450 2496 Rom.
475 2461 572 2497 XIII.
600 2472 633 2508 9.
665 2482 703 2486 -
732 2462 787 2496 De
814 2460 868 2494 his
896 2459 1023 2494 officiis
1051 2458 1131 2505 lege
1158 2459 1218 2494 lib.
1246 2459 1350 2495 Tob..
1370 2469 1447 2505 cap.
1473 2458 1536 2493 IV.

266 2519 316 2564 (2)
341 2519 437 2554 Eccl.
464 2519 560 2554 XIII.
596 2529 648 2565 19.
675 2539 719 2545 —
746 2521 802 2554 De
841 2518 912 2553 hoc
952 2530 981 2554 s.
1005 2519 1208 2565 Scripturae
1235 2518 1323 2553 loco
1351 2515 1420 2552 cfr.>
1439 2527 1476 2552 s..
1494 2515 1605 2552 Tho·—

171 2589 281 2621 mam,
314 2588 340 2612 1.
371 2587 401 2612 2.
430 2590 462 2624 q.
491 2588 544 2622 27.
576 2590 606 2612 a.
637 2587 666 2621 3.

262 2637 319 2684 (3)
346 2637 440 2672 Vide
465 2637 587 2672 locum
615 2638 823 2673 Aristotelis
849 2649 964 2683 super.
992 2636 1144 2672 allatum
1173 2648 1256 2683 pag.
1282 2635 1369 2670 288'..
