1737 2802
707 103 974 147 -217-

474 330 508 376 §.
535 340 562 364 1.
579 330 650 365 De
677 330 828 367 officiis
853 332 987 375 quoad
1011 332 1205 367 animum.

687 522 854 567 Tffl-:sts
888 524 990 567 XX.

129 671 261 716 Amor
292 671 358 715 ille
391 671 620 728 ordinatus,
655 688 730 731 quo
764 674 1042 731 unusquisque
1076 688 1124 715 ex
1154 681 1330 715 naturae
1361 671 1438 729 lege
1471 669 1554 715 sei-'-

243 753 367 802 psum
395 747 584 803 prosequi
616 754 786 801 tenetur,
822 746 890 790 hoc
923 747 965 788 in
992 746 1141 804 primis
1179 745 1311 801 exigit,
1345 753 1390 787 ut
1438 744 1553 787 homo

246 816 289 858 in
321 816 391 860 hoc
421 816 514 859 viae
545 825 582 859 et
605 817 774 859 militiae
806 825 918 860 statu
951 831 977 859 a
1011 817 1097 860 Deo
1120 817 1361 860 constitutus
1383 814 1438 858 ad
1452 814 1554 873 finis

248 887 398 940 ultimi,
432 888 502 946 qui
534 889 576 931 in
610 889 696 932 Deo
730 897 799 946 est,
832 890 1117 932 assecutionem
1149 889 1241 931 totis
1274 886 1433 930 viribus
1474 901 1554 930 sese

237 967 480 1017 promoveat
498 968 570 1018 per
602 961 710 1017 legis,
730 962 943 1018 praecipue
977 959 1197 1013 naturalis,
1220 958 1448 1003 custodiam
1480 973 1548 1002 seu

244 1039 318 1090 per
350 1033 674 1076 exercitationem
708 1033 890 1075 virtutis.

253 1146 321 1200 63.
356 1144 745 1190 DEMONSTRATlo.
770 1146 936 1202 Homo,
960 1158 1007 1188 ut
1031 1144 1166 1188 modo
1191 1142 1452 1200 dicebamus,
1475 1158 1554 1186 na-

129 1216 253 1261 turali
287 1230 455 1261 tenetur
488 1216 631 1260 officio
666 1233 794 1261 suum
843 1233 987 1261 verum
1035 1217 1199 1261 bonum
1248 1214 1554 1274 prosequendi.

131 1288 215 1334 Sed
247 1305 397 1333 verum
433 1288 623 1333 hominis
658 1289 821 1333 bonum
856 1285 920 1334 es⁴t
952 1303 1046 1333 ante
1071 1290 1216 1332 omnia
1249 1287 1344 1331 finis
1378 1288 1468 1331 eius
1492 1287 1555 1331 ul—

129 1362 278 1405 timus:
312 1374 463 1419 cetera,
496 1377 602 1420 quae
635 1375 735 1405 sunt
767 1378 866 1406 vera
898 1362 1090 1406 hominis
1139 1361 1264 1419 bona,
1297 1363 1339 1405 in
1387 1373 1555 1405 tantum

129 1431 238 1476 hanc
269 1431 371 1476 boni
404 1434 492 1476 veri
527 1435 739 1477 rationem
785 1434 954 1489 habent,
990 1435 1032 1477 in
1082 1446 1292 1492 quantum
1325 1434 1376 1477 ad
1423 1433 1555 1477 finem

128 1504 334 1548 ultimum
366 1503 583 1548 adducunt
629 1521 705 1549 seu
755 1504 1011 1549 referuntur.
1046 1507 1160 1563 Ergo
1211 1504 1345 1549 homo
1381 1504 1464 1548 hoc
1512 1505 1555 1547 in

131 1577 282 1635 primis
315 1589 484 1620 tenetur
518 1577 675 1631 officio,
710 1594 802 1621 sese
836 1578 885 1621 ad
920 1577 1016 1621 finis
1050 1578 1190 1621 ultimi
1240 1579 1555 1622 assecutionem

128 1648 383 1693 adducendi.
418 1675 475 1680 ——
509 1649 646 1703 Quod
689 1649 804 1693 idem
840 1662 980 1707 potest
1029 1649 1110 1693 alio
1156 1649 1289 1693 modo
1338 1649 1554 1694 declarari.

130 1721 191 1764 Ut
226 1720 389 1764 dictum
424 1735 501 1774 est,
538 1722 673 1765 homo
707 1721 887 1765 naturali
920 1721 1075 1779 ligatur
1098 1721 1240 1766 officio
1275 1721 1444 1765 amandi
1469 1723 1556 1765 sei-

128 1807 258 1850 psum
291 1793 497 1838 ordinate.
532 1794 615 1839 Sed
649 1794 757 1838 ordo
794 1794 942 1837 hocin
975 1795 1123 1852 primis
1153 1795 1302 1851 exigit,
1325 1806 1371 1836 ut
1405 1793 1452 1836 ab
1476 1793 1554 1837 ho-

130 1864 250 1908 mine
284 1864 387 1909 illud
420 1866 664 1910 intendatur
697 1866 877 1924 bonum,
909 1865 1026 1924 quod
1060 1879 1122 1909 est
1165 1882 1389 1909 summum
1423 1867 1557 1924 ipsius

130 1934 312 1994 bonum,
346 1939 532 1981 maxima
565 1940 655 1982 eius
681 1938 887 1997 perfectio
922 1955 995 1983 seu
1029 1938 1123 1981 finis
1149 1939 1239 1982 eius
1263 1938 1456 1982 ultimus:
1481 1937 1558 1983 bo-

130 2023 258 2063 num,
306 2010 498 2069 inquam,
532 2010 650 2065 illud,
684 2011 802 2070 quod
836 2012 870 2054 si
920 2011 1055 2055 homo
1107 2010 1246 2068 habet,
1279 2023 1342 2054 est
1391 2010 1558 2064 beatus,

131 2081 303 2125 etiamsi
351 2081 441 2125 aliis
492 2081 615 2125 bonis
665 2096 840 2138 careret,
893 2099 979 2141 quo
1033 2084 1068 2126 si
1119 2095 1243 2140 caret,
1299 2095 1362 2125 est
1416 2083 1559 2136 miser,

131 2152 332 2211 quamvis
366 2166 503 2197 cetera
535 2153 647 2197 bona
680 2155 826 2197 omnia
861 2153 1101 2212 possideret
1134 2153 1213 2212 (1).
1258 2154 1372 2210 Ergo
1423 2153 1558 2197 homo

131 2223 313 2266 naturali
347 2223 624 2282 adstringitur
658 2224 800 2269 officio
834 2225 1036 2269 tendendi
1073 2226 1115 2267 in
1148 2223 1278 2268 finem
1314 2241 1442 2268 suum
1492 2225 1561 2268 ul-

135 2307 313 2338 timum.

229 2521 283 2567 (1)
312 2519 365 2556 Cf.
392 2520 453 2555 vol
497 2531 523 2554 1.
553 2520 644 2556 thes.
670 2521 746 2562 VI„
771 2522 980 2567 praesertim
1007 2533 1087 2568 pag.
1127 2533 1180 2567 55,
1208 2542 1252 2549 —
1281 2523 1418 2558 Totum
1455 2531 1560 2569 caput

138 2586 190 2615 1¹³.
215 2580 324 2626 partis
352 2581 484 2627 prioris
511 2582 813 2627 praesupponitur
839 2580 907 2615 hac
934 2581 970 2615 in
997 2581 1101 2616 thesi.
