1737 2802
772 192 824 197 -“
862 179 946 221 344
980 191 1031 197 -“
1559 235 1561 238 .

186 265 499 319 intellectuum,
534 263 770 306 innaturale
809 275 872 305 est
921 275 961 305 et
1012 261 1268 319 indebitum,
1301 261 1418 320 quod
1469 261 1620 321 aliquis

184 352 291 380 voce
325 334 537 392 significet
573 335 631 390 id,
665 333 782 392 quod
818 349 905 376 non
940 333 1065 377 habet
1099 335 1142 376 in
1178 346 1377 377 mente.»

306 408 379 450 Est
415 406 498 463 3⁰.)
531 406 706 449 violatio
742 405 953 448 humanae
989 406 1203 448 societatis
1237 417 1279 448 et
1312 405 1535 449 amicitiae.
1566 430 1623 438 —

185 479 376 521 Naturae
412 490 561 520 auctor
595 477 715 519 Deus
750 476 841 519 vult
876 476 1075 519 homines
1099 475 1229 518 simul
1253 476 1296 518 in
1330 476 1535 520 societate
1561 477 1623 518 vi·

185 565 300 592 vere:
326 563 388 592 est
423 550 537 591 6111111
575 549 710 590 homo
745 561 894 590 natura
919 563 994 590 sua
1019 547 1207 600 socialis,
1232 562 1339 604 quae
1370 547 1524 589 veritas
1559 547 1621 589 in-

188 621 319 664 ferius
345 621 424 663 erit
458 619 551 662 fuse
585 618 934 662 demonstranda.
960 620 1074 675 Ergo
1100 619 1305 676 praecipit
1330 617 1388 673 id,
1414 618 1506 661 sine
1534 633 1621 676 quo

188 693 372 734 societas
409 691 596 733 humana
629 690 736 733 bene
771 703 968 747 recteque
993 691 1231 733 consistere
1265 705 1353 732 non
1390 701 1547 746 potest,
1581 700 1622 731 et

189 763 295 807 illud
330 763 543 821 prohibet,
578 762 694 819 quod
732 762 965 804 humanam
1001 763 1151 804 evertit
1185 761 1451 804 societatem.
1487 761 1622 818 Atqui

188 836 277 878 sine
310 836 537 877 veracitate
572 834 720 891 nequit
755 832 942 875 humana
975 833 1157 875 societas
1183 832 1487 875 convenienter
1520 847 1623 874 con-

186 906 351 961 sistere,
388 921 461 962 per
497 904 771 947 mendacium
807 903 996 946 humana
1030 904 1212 946 societas
1259 902 1504 946 destruitur:
1541 902 1619 946 liu-

189 993 313 1020 mana
347 978 461 1019 enim
496 977 680 1018 societas
731 976 927 1018 innititur
963 987 1115 1018 mutua
1163 975 1383 1017 sociorum
1419 975 1528 1018 inter
1578 992 1623 1019 se

186 1047 286 1103 fide,
320 1060 359 1090 et
394 1048 495 1090 haec
530 1059 679 1089 mutua
713 1045 817 1089 fides
854 1047 1049 1088 innititur
1081 1047 1310 1089 veracitate
1343 1058 1383 1088 et
1412 1047 1623 1090 evertitur

187 1135 262 1177 per
297 1118 571 1162 mendacium
606 1119 679 1174 (11.
716 1119 830 1174 Ergo
874 1119 992 1160 Deus
1027 1130 1200 1160 naturae
1253 1129 1402 1160 auctor
1436 1118 1622 1161 omnino

185 1191 391 1248 praecipit
424 1191 699 1233 veracitatem
727 1189 1012 1247 prohibetque
1038 1188 1329 1232 mendacium.
1358 1189 1418 1232 Ut
1442 1205 1475 1233 S.
1499 1188 1623 1232 Tho-

189 1278 279 1305 mas
315 1263 371 1304 ait
406 1262 493 1320 (2),
532 1280 554 1300 «
581 1263 678 1319 quia
713 1261 848 1304 homo
884 1274 946 1304 est
981 1261 1136 1303 animal
1171 1260 1344 1317 sociale,
1374 1259 1621 1303 naturaliter

185 1348 297 1375 unus
333 1332 467 1376 1101110
517 1332 640 1375 debet
689 1332 806 1374 alteri
841 1332 897 1384 id,
932 1333 1022 1374 sine
1063 1347 1149 1388 quo
1199 1332 1382 1374 societas
1433 1330 1621 1373 humana

187 1405 346 1447 servari
381 1420 467 1447 non
505 1417 664 1461 posset.
697 1405 799 1447 Non
834 1416 975 1446 autem
1012 1416 1189 1460 possent
1224 1403 1424 1446 homines
1459 1402 1509 1446 ad
1550 1404 1620 1445 in-

184 1477 326 1518 vicem
354 1476 598 1527 convivere,
619 1476 698 1516 nisi
725 1474 804 1517 sibi
829 1475 1014 1517 invicem
1041 1474 1276 1530 crederent,
1297 1487 1517 1531 tamquam
1543 1473 1622 1516 sibi

185 1547 370 1588 invicem
406 1547 630 1588 veritatem
666 1545 1093 1588 manifestantibus.»

308 1618 498 1660 Demum
533 1617 610 1671 4⁰.)
646 1617 746 1659 haec
795 1617 889 1669 tria,
927 1632 1034 1673 quae
1083 1616 1320 1668 attulimus,
1369 1628 1624 1672 argumenta

186 1688 498 1732 confirmantur
533 1704 585 1731 ex
623 1690 847 1731 communi
884 1688 1132 1742 hominum,
1158 1690 1286 1731 etiam
1321 1688 1619 1740 barbarorum,

184 1775 415 1814 consensu,
451 1772 491 1802 et
527 1776 577 1802 ex
611 1776 661 1802 eo
697 1759 817 1817 quod
841 1775 1012 1815 omnes,
1056 1761 1308 1818 praesertim
1342 1776 1445 1803 vero
1481 1761 1625 1817 pueri,

192 1832 277 1873 «in
314 1829 470 1888 quibus
506 1844 729 1888 tamquam
764 1831 804 1873 in
839 1832 1025 1888 speculis
1061 1844 1209 1874 natura
1244 1832 1447 1887 cernitur,
1473 1850 1493 1869 »
1541 1846 1621 1873 na-

184 1900 378 1943 turaliter
413 1900 678 1956 erubescant,
712 1901 884 1957 quando
921 1901 1305 1959 deprehenduntur
1338 1901 1580 1944 mendaces.

306 1973 360 2015 ΙΙ.
386 1973 446 2015 Ex
471 1972 565 2025 illis,
590 1988 696 2030 quae
721 1972 771 2016 de
796 1973 1023 2016 mendacio
1048 1973 1253 2016 hactenus
1278 1973 1614 2030 disputavimus,

192 2059 241 2086 ea
275 2059 383 2100 quae
416 2043 686 2094 subiicimus,
722 2043 841 2093 facile
876 2045 1180 2102 intelligentur.

310 2116 354 2171 rs.)
390 2114 521 2158 Nullo
572 2131 750 2173 prorsus
801 2117 841 2158 in
878 2131 974 2159 casu
1025 2116 1189 2159 licitum
1234 2129 1297 2159 est
1346 2117 1538 2168 mentiri,
1572 2130 1625 2158 ne

291 2334 347 2378 (1)
375 2334 431 2368 Ad
460 2346 536 2368 rem
564 2346 590 2368 s.
619 2337 856 2381 Augustinus,
883 2345 1009 2371 contra
1038 2337 1271 2378 mendacium
1300 2336 1342 2370 ad
1382 2334 1626 2371 Consentium

189 2404 267 2439 cap.
297 2393 371 2428 1V.:
398 2395 544 2428 «Vides
573 2406 642 2440 quo
671 2396 794 2430 tendat
821 2397 891 2430 1106
920 2397 1073 2439 malum,
1100 2406 1138 2432 ut
1164 2397 1340 2431 scilicet...
1367 2395 1490 2431 omnis
1517 2393 1625 2429 frater

189 2453 291 2486 omni
308 2451 406 2487 fratri
423 2464 496 2487 non
514 2454 697 2488 immerito
714 2455 877 2490 videatur
893 2466 970 2490 esse
984 2464 1185 2501 suspectus,
1201 2470 1217 2487 »
1237 2475 1278 2481 -
1297 2453 1623 2498 Quemadmodum

191 2523 376 2558 nunquam
405 2513 491 2546 certi
519 2524 679 2547 essemus
705 2513 748 2548 de
777 2515 882 2548 rebus
917 2514 1012 2554 fidei,
1039 2516 1068 2549 si
1095 2515 1194 2549 Deus
1232 2523 1354 2561 posset
1393 2512 1550 2556 mentiri,
1578 2513 1625 2547 ita

184 2581 374 2616 nunquam
396 2581 585 2616 possemus
605 2572 683 2605 aliis
712 2572 835 2616 fidere,
853 2573 881 2606 si
908 2572 1048 2608 licitum
1068 2582 1162 2608 esset
1180 2582 1307 2609 contra
1325 2580 1491 2608 mentem
1512 2571 1627 2618 loqui.

284 2630 339 2673 (2)
368 2629 406 2663 In
435 2639 463 2664 2.
492 2640 523 2665 2.
550 2642 583 2676 q.
613 2641 689 2675 109.
717 2641 782 2666 art.
816 2641 844 2674 3.
872 2632 915 2666 ad
949 2640 997 2667 im.
