1737 2802
131 211 226 241 turn
260 196 328 240 vel
359 197 541 240 virtutes
575 196 775 240 dicuntur
807 196 1033 240 naturales.
1068 213 1090 235 »
1143 196 1270 249 Quae
1303 194 1432 239 verba
1464 207 1564 237 sunt

132 285 166 313 s.
201 268 406 313 Thomae
438 267 525 327 (1).

250 341 303 383 Et
336 355 438 382 sane
471 352 564 382 tum
599 340 702 382 unio
737 338 995 395 coniugalis)
1030 351 1123 382 tum
1157 339 1262 381 unio
1297 336 1487 395 plurium
1518 336 1562 378 in

132 412 384 455 societatem
417 411 665 455 litterariam
698 411 763 454 vel
797 412 1097 455 mercatoriam
1142 409 1331 468 pendent
1366 425 1389 452 a
1429 407 1566 451 libero

133 483 487 526 contrahentium
522 499 752 527 consensu.
778 485 903 527 Prior
937 496 1081 525 tamen
1111 482 1216 524 unio
1250 481 1405 524 dicitur
1439 493 1567 538 atque

133 570 232 598 vere
249 568 312 597 est
337 554 539 597 naturalis
566 555 689 612 (quid
714 556 851 612 magis
870 554 1076 610 naturale,
1093 568 1222 610 quam
1247 553 1500 608 coniugium
1511 550 1566 608 ?):

133 626 268 669 altera.
293 641 396 670 vero
430 628 534 670 unio
569 643 658 669 non
693 627 849 670 dicitur
880 626 1098 678 naturalis,
1133 624 1209 667 sed
1242 623 1386 666 libera.
1418 623 1570 687 Quae-

134 714 232 741 nam
257 710 321 740 est
354 697 614 741 discriminis
640 698 768 740 huius
803 699 942 741 ratio?
978 698 1096 750 Quia
1120 707 1270 739 natura
1292 694 1344 738 ad
1374 695 1565 751 priorem

135 770 249 813 illam
284 771 493 813 unionem
526 770 758 813 ineundam
792 785 889 812 vere
923 785 967 812 ac
1002 769 1175 826 proprie
1212 767 1438 812 hominem
1488 768 1558 809 in-

136 841 278 896 clinat,
314 857 402 884 non
437 853 580 884 autem
616 841 667 884 ad
715 841 906 886 alteram.
941 868 997 871 ——
1031 840 1196 884 Eodem
1242 841 1374 898 igitur
1423 853 1567 898 pacto,

135 929 235 957 cum
269 925 420 956 natura
465 912 692 956 hominem
741 913 1019 956 vehementer
1067 912 1240 956 inclinet
1273 912 1325 956 ad
1374 911 1568 955 habenda

135 984 329 1028 dominia
362 986 539 1041 privata,
574 985 678 1028 haec
713 984 794 1027 dici
830 984 984 1028 debent
1026 983 1248 1041 naturalia,
1282 985 1479 1042 quamvis
1523 985 1565 1027 in

131 1056 385 1114 particulari
417 1056 663 1099 dominium
714 1057 757 1098 in
805 1057 882 1099 hac
929 1056 997 1099 vel
1039 1055 1110 1098 illa
1152 1072 1212 1111 re,
1249 1072 1284 1099 e.
1319 1071 1358 1112 g.
1393 1056 1438 1097 in
1486 1055 1569 1097 hoc

136 1142 240 1184 agro
274 1127 341 1170 vel
376 1129 418 1170 in
453 1127 530 1170 hac
579 1127 731 1183 domo,
764 1144 851 1171 non
903 1129 1056 1170 existat
1091 1128 1175 1170 nisi
1223 1126 1516 1184 dependenter
1549 1141 1571 1168 a

137 1199 270 1242 libero
303 1199 514 1242 humanae
549 1201 774 1242 activitatis
808 1201 1030 1242 exercitio:
1063 1200 1175 1243 sicut
1207 1199 1334 1241 etiam
1370 1198 1411 1240 in
1439 1197 1573 1255 parti-

136 1272 270 1314 culari
304 1272 406 1313 unio
438 1273 518 1314 viri
553 1271 681 1314 huius
730 1287 829 1314 cum
880 1272 956 1314 hac
990 1271 1149 1314 femina
1198 1285 1286 1314 non
1319 1270 1438 1314 adest
1485 1271 1568 1314 nisi

137 1343 430 1401 dependenter
462 1361 483 1387 a
516 1344 649 1387 libero
684 1345 910 1401 utriusque
946 1342 1172 1386 consensu.

256 1416 332 1460 III.
368 1417 533 1469 Quaeri
569 1416 637 1458 hic
670 1429 833 1473 potest,
871 1428 1017 1458 utrum
1051 1416 1117 1458 ius
1152 1414 1256 1458 illud
1289 1414 1340 1457 ad
1389 1429 1455 1456 res
1490 1413 1570 1456 sibi

137 1487 432 1543 acquirendas,
467 1488 585 1546 quod
620 1487 809 1531 diximus
845 1502 865 1528 a
900 1500 1050 1531 natura
1092 1488 1327 1544 unicuique
1377 1486 1571 1539 concedi,

138 1559 192 1600 sit
225 1559 342 1602 liberi
364 1575 414 1602 an
439 1576 542 1603 vero
577 1560 806 1617 obligatorii
828 1561 1034 1603 exercitii.
1054 1584 1111 1592 —-·
1130 1561 1227 1603 Hoc
1260 1561 1387 1603 etiam
1413 1560 1570 1602 merito

138 1631 368 1686 quaeritur.
394 1631 455 1673 Ex
488 1631 651 1674 iuribus
685 1634 818 1686 enim,
844 1631 921 1674 alia
945 1630 1121 1689 quidem
1156 1639 1255 1673 'sunt
1290 1629 1565 1683 huiusmodi,

140 1714 185 1744 ut
217 1701 266 1744 ab
300 1716 454 1745 eorum
489 1703 690 1745 exercitio
727 1703 864 1760 possit
899 1718 994 1760 quis
1028 1701 1253 1755 abstinere,
1278 1701 1402 1759 quale
1436 1714 1499 1744 est
1532 1716 1572 1745 e.

138 1788 180 1830 g.
213 1774 279 1816 ius
313 1773 569 1817 defendendi
595 1775 727 1816 vitam
762 1775 982 1831 propriam
1007 1774 1135 1816 etiam
1170 1788 1269 1816 cum
1293 1788 1396 1816 nece
1418 1773 1567 1815 iniusti

139 1847 407 1902 aggressoris
426 1847 499 1903 (2);
519 1846 596 1888 alia
618 1861 721 1888 vero
745 1845 995 1888 adiunctum
1020 1845 1176 1888 habent
1201 1844 1394 1888 officium
1419 1844 1569 1888 eadem

235 2087 289 2131 (1)
317 2086 443 2132 Suppl.
470 2097 501 2132 q.
530 2082 587 2120 61.
606 2097 636 2119 a.
659 2095 683 2120 1.
707 2085 792 2128 Quo
820 2084 856 2117 in
877 2084 1032 2118 articulo
1051 2094 1078 2118 s.
1096 2082 1262 2118 Thomas
1281 2083 1432 2129 quaerit,
1452 2091 1573 2117 utrum

139 2146 415 2180 matrimonium
443 2145 488 2179 sit
514 2144 687 2179 naturale.
723 2165 755 2169 --
786 2144 1066 2189 Distinguentes
1092 2144 1201 2190 igitur
1230 2143 1324 2178 inter
1357 2143 1572 2190 principium

140 2204 226 2238 iuris
251 2214 286 2240 et
312 2206 474 2240 eiusdem
502 2204 638 2239 titulum
664 2203 763 2249 (vide
801 2215 920 2249 super.
951 2203 1044 2238 thes.
1071 2203 1114 2237 ΙΙ.
1142 2214 1226 2250 pag.
1255 2215 1309 2249 31.
1337 2213 1372 2238 et
1400 2201 1569 2248 35.),.di-

139 2275 273 2299 cemus:
299 2265 510 2311 principium
537 2264 690 2299 dominii
719 2264 849 2310 privati
878 2264 913 2297 in
941 2275 978 2298 re
1005 2264 1123 2310 aliqua
1151 2263 1323 2309 peculiari
1350 2275 1425 2298 esse
1451 2262 1573 2309 legem

138 2324 352 2366 naturalem,
379 2325 516 2359 titulum
543 2335 630 2358 vero
660 2335 737 2359 esse
764 2322 897 2358 factum
925 2323 1070 2370 aliquod
1103 2322 1305 2358 humanum
1333 2335 1364 2358 e.
1391 2335 1429 2370 g.
1456 2334 1571 2358 occu-

141 2385 326 2430 pationem
352 2383 409 2418 vel
437 2384 675 2430 emptionem,
705 2386 752 2418 ob
779 2384 878 2429 quod
917 2394 980 2418 seu
1007 2384 1106 2418 cuius
1143 2385 1273 2419 intuitu
1301 2383 1359 2418 lex
1400 2383 1582 2423 naturalia

137 2444 307 2479 concedit
333 2443 382 2477 illi
410 2440 549 2489 privato
577 2443 630 2477 ius
655 2444 690 2477 in
719 2443 778 2477 illa
806 2443 977 2489 peculiari
1003 2455 1051 2478 re.

236 2506 289 2551 (2)
317 2505 410 2539 Vide
436 2516 554 2551 super.
581 2505 673 2540 thes.
698 2505 817 2540 XXII.
847 2516 929 2552 pag.
958 2504 1037 2548 246.
