1737 2802
755 147 813 152 -
849 133 931 176 337
957 145 1022 166 ο-

172 228 345 258 auctore
378 230 423 257 ac
457 214 639 270 vindice,
663 216 718 258 ita
753 213 884 257 fuisse
918 213 1148 272 prohibita,
1172 225 1217 255 ut
1241 213 1373 255 aliena
1406 212 1472 255 vel
1499 229 1601 256 con-

173 288 391 343 cupiscere
425 301 512 328 non
547 286 680 339 liceat,
715 285 916 343 furesque
949 297 989 328 et
1023 298 1231 341 raptores,
1267 300 1353 327 non
1390 299 1511 327 secus
1557 300 1603 327 ac

173 356 353 400 adulteri
386 369 427 399 et
461 356 724 410 idololatrae,
759 373 781 399 a
814 356 984 399 caelesti
1030 371 1164 412 regno
1215 355 1508 398 excludantur.
1544 382 1602 388 -—

172 429 264 472 Nec
285 441 430 471 tamen
453 427 614 471 idcirco
645 444 883 486 pauperum
908 443 1053 470 curam
1088 426 1281 483 negligit,
1305 440 1376 470 aut
1403 428 1601 484 ipsorum

172 499 494 543 necessitatibus
520 500 744 542 consulere
770 501 836 556 pia
860 512 995 542 mater
1029 500 1349 555 praetermittit:
1373 500 1474 556 quin
1513 501 1604 542 imo

176 585 372 614 materno
407 571 502 613 illos
537 571 828 627 complectens
864 569 1031 625 affectu,
1066 582 1105 612 et
1140 570 1272 626 probe
1312 585 1494 612 noscens
1529 585 1604 613 eos

173 658 322 700 gerere
356 643 492 699 ipsius
528 641 692 685 Christi
727 657 974 698 personam,
1010 642 1082 698 qui
1117 640 1196 683 sibi
1237 642 1491 697 praestitum
1527 640 1603 684 be—

172 712 375 756 neficium
410 725 544 770 putat,
580 713 696 770 quod
730 712 796 755 vel
831 713 872 755 in
907 713 1142 754 minimum
1168 727 1400 769 pauperem
1434 727 1455 753 a
1489 727 1605 768 quo-

173 788 288 843 piam
323 785 452 827 fuerit
485 784 704 840 collatum,
730 800 890 840 magno
915 783 1010 826 illos
1046 783 1170 826 habet
1194 785 1236 826 in
1272 784 1451 828 honore:
1481 784 1602 826 omni

173 872 254 914 qua
289 868 428 913 potest
461 871 543 912 ope
579 855 781 906 sublevat3
819 855 975 898 domos
1009 868 1135 912 atque
1170 854 1356 912 hospitia
1393 856 1442 896 iis
1483 856 1602 897 exci—

172 926 359 985 piendis,
394 925 555 969 alendis
589 939 628 969 et
664 925 861 968 curandis
897 925 1054 982 ubique
1103 938 1311 968 terrarum
1349 938 1465 968 cur-at
1516 926 1604 968 eri-

172 997 325 1055 genda,
360 1013 492 1055 eaque
528 999 569 1039 in
605 1012 726 1039 suam
751 998 899 1054 recipit
935 996 1125 1039 tutelam.
1152 996 1423 1039 Gravissimo
1448 995 1602 1039 divites

173 1082 298 1126 urget
332 1082 576 1126 praecepto,
612 1082 656 1111 ut
690 1068 808 1126 quod
847 1081 1042 1125 superest
1091 1068 1350 1125 pauperibus
1400 1068 1604 1126 tribuant3

173 1152 334 1198 eosq’ue
367 1139 514 1183 divino
548 1153 678 1182 terret
710 1139 890 1192 iudicio,
917 1156 971 1198 qu
997 1161 1019 1192 ·‚
1044 1141 1128 1182 nisi
1152 1155 1390 1196 egenorum
1427 1141 1601 1197 inopiae

171 1224 434 1264 succurrant,
469 1212 648 1254 aeternis
698 1212 782 1254 sint
831 1212 1054 1269 suppliciis
1104 1211 1351 1255 mulctandi.
1402 1212 1602 1255 Tandem

170 1298 410 1340 pauperum
445 1283 613 1324 animos
644 1284 829 1325 maxime
864 1296 1022 1325 recreat
1057 1299 1100 1325 ac
1136 1283 1312 1335 solatur,
1337 1284 1424 1326 sive
1459 1299 1603 1326 exem-

170 1352 291 1410 plum
326 1352 490 1396 Christi
526 1352 749 1406 obiiciens,
783 1355 855 1410 qui
890 1369 980 1396 cnm
1028 1363 1121 1396 essct
1164 1353 1276 1397 dives
1319 1362 1484 1412 propter
1532 1370 1604 1398 nos

169 1439 312 1480 egenus
334 1424 477 1481 sactus
509 1433 565 1467 est
599 1426 671 1479 (1);
707 1427 794 1466 sive
829 1424 1022 1468 eiusdem
1056 1425 1183 1468 verba
1216 1426 1422 1482 recolens,
1447 1426 1606 1483 quibus

167 1510 377 1552 pauperes
411 1495 556 1538 beatos
590 1495 722 1538 edixit
757 1509 796 1538 et
835 1509 1029 1554 aeternae
1084 1496 1362 1539 beatitudinis
1414 1499 1604 1554 praemia

169 1582 339 1624 sperare
373 1568 509 1610 iussit.
544 1593 601 1600 —
636 1568 749 1620 Quis
784 1581 928 1610 autem
964 1583 1049 1610 non
1085 1567 1222 1610 videat
1247 1570 1460 1625 optimam
1494 1569 1602 1611 hanc

168 1654 260 1681 esse
293 1640 577 1682 vetustissimi
611 1640 720 1696 inter
754 1655 961 1696 pauperes
996 1652 1037 1681 et
1071 1638 1221 1682 divites
1257 1638 1421 1682 dissidii
1474 1655 1601 1682 com-

167 1709 356 1766 ponendi
392 1711 632 1752 rationem?
668 1710 788 1753 Sicut
821 1711 937 1752 enim
973 1711 1063 1767 ipsa
1102 1725 1247 1753 rerum
1296 1709 1600 1768 factorumque

167 1780 381 1823 evidentia
416 1779 701 1832 demonstrat,
738 1797 784 1823 ea
820 1782 984 1823 ratione
1019 1782 1172 1824 reiecta
1220 1795 1291 1824 aut
1339 1781 1601 1839 posthabita,

166 1851 422 1893 alterutrum
460 1853 679 1908 contingat
714 1867 888 1894 necesse
923 1865 999 1905 est,
1025 1865 1070 1894 ut
1101 1852 1167 1895 vel
1203 1854 1389 1895 maxima
1422 1853 1605 1896 humani

166 1923 338 1979 generis
373 1938 470 1980 pars
504 1923 546 1964 in
587 1923 881 1980 turpissimam
933 1925 1252 1981 mancipiorum
1303 1925 1602 1967 conditionem

166 1992 397 2045 relabatur,
433 2009 541 2050 quae
576 1993 648 2036 diu
683 2009 813 2050 penes
848 1994 1045 2037 ethnicos
1081 1994 1281 2051 obtinuit3
1306 2008 1377 2037 aut
1412 1995 1603 2038 humana

166 2065 349 2107 societas
384 2066 602 2107 continuis
637 2065 691 2106 sit
724 2065 921 2121 agitanda
954 2065 1160 2117 motibus,
1197 2067 1354 2124 rapinis
1391 2079 1431 2108 et
1464 2065 1601 2109 latro-

166 2136 289 2177 ciniis
323 2134 594 2192 funestanda,
618 2148 747 2193 prout
772 2136 1014 2179 recentibus
1038 2138 1168 2179 etiam
1202 2136 1475 2194 temporibus
1500 2152 1603 2180 con-

164 2206 317 2262 tigisse
352 2205 565 2250 dolemus.
602 2226 648 2257 »,

264 2497 327 2543 (1)
355 2498 397 2533 [Ι.
426 2498 508 2533 Cor.
537 2499 634 2534 VIII.
661 2510 694 2546 9.
