1737 2802
656 121 896 162 -19-

61 203 200 262 aliqua
231 203 314 246 Dei
346 202 412 246 vel
445 201 674 246 hominum
708 201 985 246 ordinatione
1020 201 1088 245 vel
1126 202 1399 261 deputatione
1426 203 1493 248 vel

65 275 358 328 concessione,
406 276 517 316 sicut
567 289 660 316 esse
709 274 986 331 magistrum,
1039 273 1277 331 doctorem,
1326 289 1492 332 regem,

66 345 264 390 militem.

185 416 427 473 Tertio,ad
458 431 540 459 rem
571 415 771 474 aliquam,
806 428 852 458 ut
886 415 937 459 ad
971 414 1258 459 obtinendum
1294 432 1385 460 rem
1421 417 1493 460 ali-

61 504 192 547 quam
226 503 299 546 pet
331 489 651 531 successionem
686 486 1004 541 hereditariam,
1038 502 1114 546 pei:
1159 499 1488 542 testamentum,

63 576 140 620 per
171 560 450 604 donationem
484 559 714 613 liberalem,
747 575 822 616 per
866 570 1131 613 contractuS,
1185 575 1262 617 per
1303 575 1491 618 occupa-

66 634 246 678 tionem.

182 705 372 758 Quarto,
406 704 461 747 ad
483 704 751 761 functionem,
787 713 835 744 ut
869 701 918 745 ad
951 701 1136 746 liberum
1186 719 1316 746 usum
1354 719 1494 746 mem-

39 763 241 820 'brorum
275 788 316 818 et
349 790 494 818 rerum
528 788 720 817 suarum.

183 847 369 902 Quinto,
387 845 789 903 quvasifzmctimmn,
822 857 869 888 ut
892 844 942 888 ad
966 846 1296 903 possessionem
1322 845 1490 889 civilem

64 931 107 962 et
139 917 390 971 naturalem,
423 916 474 960 ad
508 915 786 960 retinendum
822 916 1083 970 dominium,
1118 930 1277 960 statum
1312 929 1353 960 et
1379 931 1490 961 con—

61 990 275 1035 ditionem
309 990 352 1031 in
386 1004 470 1046 qua
503 1001 578 1031 est.
1103 988 1106 991 ’

181 1061 331 1113 Sexto,
365 1060 479 1103 cuius
512 1059 685 1102 violatio
718 1060 920 1102 ‘iniuriam
952 1060 1168 1114 constituit,
1205 1060 1302 1117 quia
1337 1061 1492 1104 iniuria

60 1131 166 1175 nihil
200 1130 313 1174 aliud
347 1143 428 1182 est,
465 1145 595 1187 quam
631 1129 757 1172 alieni
794 1130 896 1172 iuris
929 1129 1120 1173 violatio.
1146 1131 1314 1173 Dicitur
1347 1143 1490 1175 autem
1545 1124 1547 1128 ¹

59 1201 227 1259 violari,
260 1216 348 1244 non
382 1200 555 1258 quando
594 1200 744 1258 aliquis
779 1201 965 1258 privatur
989 1216 1067 1249 suo
1091 1202 1197 1257 iure,
1220 1201 1294 1245 sed
1317 1202 1490 1260 quando

58 1274 150 1317 iure
182 1285 379 1315 manente
413 1284 563 1314 contra
600 1271 704 1314 illud
747 1272 899 1328 agitur.
933 1272 1037 1315 Non
1071 1272 1187 1314 enim
1236 1273 1302 1330 agi
1349 1286 1491 1331 potest

57 1356 207 1388 contra
238 1344 311 1385 ius·
336 1343 456 1400 quod
487 1358 576 1385 non
613 1355 687 1386 est.
725 1342 851 1386 Unde
887 1342 1060 1399 quando
1094 1344 1187 1400 quis
1212 1345 1402 1401 privatur
1426 1344 1491 1388 of-

55 1414 170 1472 ficio,
203 1414 320 1472 quod
362 1427 426 1457 est
463 1415 528 1456 ius
563 1412 796 1471 quoddam,
830 1428 917 1456 non
949 1412 995 1456 fit
1029 1414 1067 1456 ei
1116 1415 1285 1472 iniuria,
1332 1416 1413 1458 nisi
1445 1417 1488 1460 in

56 1486 152 1545 ipso
185 1484 299 1529 aliud
341 1486 405 1527 ius
441 1497 608 1527 maneat
652 1485 886 1542 respiciens
936 1483 1040 1527 illud
1087 1484 1302 1529 officium:
1348 1498 1490 1544 potest

55 1557 171 1600 enim
207 1571 299 1599 esse
332 1556 399 1598 ius
433 1555 485 1598 ad
518 1556 584 1598 ius
617 1567 657 1598 et
692 1553 939 1598 dominium
974 1554 1076 1597 iuris
1100 1555 1185 1614 (1).

175 1628 227 1671 II.
262 1626 408 1670 Altera
442 1627 574 1669 huius
608 1626 782 1669 theseos
818 1642 911 1683 pars
946 1627 1140 1685 inquirit,
1175 1644 1386 1686 quaenam
1432 1629 1488 1672 sit

53 1698 159 1742 iuris
196 1697 246 1741 ad
282 1698 490 1740 iustitiam
525 1696 731 1740 habitudo
766 1713 840 1740 seu
877 1696 1042 1741 relatio.

52 1920 178 1958 presso
205 1910 240 1944 di
265 1911 327 1944 noi
354 1909 537 1956 l'opposto
564 1909 620 1944 del
648 1909 783 1944 diritto.
814 1909 841 1943 11
869 1908 989 1944 diriteo
1017 1913 1035 1945 e
1067 1910 1209 1957 dunque
1235 1923 1280 1945 un
1296 1916 1413 1958 potere
1431 1912 1488 1947 in·

55 1970 274 2017 dipendente
301 1969 395 2004 dalla
424 1969 532 2012 forza,
559 1981 577 2004 e
606 1971 678 2015 puo
706 1969 855 2004 esistere
883 1970 1004 2005 diritto
1047 1982 1152 2005 senza
1179 1970 1211 2005 la
1238 1970 1333 2006 forza
1374 1972 1486 2007 fisica,

54 2040 161 2065 come
188 2029 284 2064 forza
309 2029 407 2064 fisica
447 2041 552 2064 senza
590 2028 725 2063 diritto.
752 2029 897 2064 Intanto
937 2030 1023 2075 ogni
1059 2034 1176 2076 potere
1211 2042 1374 2077 suppone
1417 2043 1487 2067 una

46 2087 165 2134 sorza.
194 2089 240 2124 Se
267 2089 411 2136 dunque
438 2089 461 2123 ²1
490 2089 612 2123 diritto
640 2089 658 2122 e
686 2100 732 2122 un
766 2093 883 2136 potere
903 2117 910 2130 ,
954 2089 1132 2124 conviene
1169 2089 1235 2124 che
1271 2091 1374 2126 abbia
1416 2103 1486 2127 una

54 2146 152 2182 forza
182 2149 321 2182 morale:
341 2148 492 2193 giacche
507 2149 569 2182 noi
589 2147 826 2182 conosciamo
847 2157 970 2194 queste
990 2149 1057 2183 due
1077 2149 1154 2184 sole
1173 2149 1270 2184 forze
1291 2151 1326 2184 in
1347 2160 1488 2193 natura,

54 2204 89 2240 la
108 2205 209 2250 fisica
235 2206 302 2240 che
329 2218 437 2252 opera
466 2207 519 2241 sui
547 2206 664 2252 corpi,
693 2205 724 2239 la
752 2207 881 2240 morale
909 2207 974 2241 che
993 2218 1102 2252 opera
1128 2207 1221 2254 sugli
1248 2209 1372 2254 spiriti.
1390 2210 1490 2244 Aver

52 2263 182 2299 diritto
199 2264 285 2299 vuol
304 2265 446 2312 dunque
462 2266 545 2307 dire,
558 2276 662 2300 avere
673 2276 718 2298 un
731 2274 856 2310 potere
869 2265 1018 2308 morale,
1030 2278 1074 2300 un
1091 2276 1216 2312 potere
1228 2267 1320 2313 sugli
1332 2269 1486 2313 spiritin.

157 2323 212 2369 (1)
242 2324 414 2360 Becanus.
444 2326 465 2359 1.
493 2336 520 2359 c.
549 2337 581 2371 q.
609 2324 666 2366 11.‚
684 2323 860 2367 eamdem,
888 2326 1009 2370 paucis
1036 2327 1250 2369 immutatis,
1269 2327 1374 2362 tradit
1403 2329 1487 2362 iuris

57 2381 330 2418 definitionem:
354 2396 371 2414 «
390 2385 443 2418 ius
469 2393 522 2418 est
547 2391 710 2430 potestas
736 2394 798 2417 seu
819 2383 970 2419 facultas
989 2384 1153 2432 legitima
1172 2386 1215 2420 ad
1235 2398 1310 2421 rem
1329 2387 1486 2433 aliquam

47 2441 299 2485 obtinendam,
329 2444 402 2477 sive
429 2443 472 2477 ad
500 2455 605 2477 usum
633 2443 696 2485 rei,
723 2442 780 2476 vel
808 2443 964 2490 aliquam
993 2443 1219 2480 functionem
1239 2455 1299 2480 aut
1321 2447 1487 2493 negatio-

49 2509 135 2534 nem
161 2500 370 2544 funcffonis,
398 2503 497 2537 cuius
523 2502 671 2537 violatio
690 2501 766 2535 sine
787 2502 926 2536 ratione
945 2502 1036 2538 facta
1056 2504 1226 2538 iniuriam
1245 2505 1434 2540 constituit
1452 2520 1484 2539 ».

47 2559 216 2601 Quorum
244 2562 435 2596 verborum
462 2562 683 2608 praeclaram
711 2560 854 2595 subiicit
884 2562 1175 2609 explicationem.
