1737 2802
46 0 86 14 ff„
104 0 119 4 ,-

0 0 74 56 {³225
120 27 123 29 >

0 58 16 66 ..

641 168 907 210 „191-

58 250 112 312 (i.
147 267 184 296 e.
216 264 309 294 tum
343 248 558 293 rationalis
593 250 749 292 veritas
783 262 875 293 tum
910 249 1275 308 superrationalis)
1326 264 1490 292 conve-

62 324 231 367 nienter
263 321 468 366 divinitus
520 320 686 364 homini
738 321 947 365 credenda
995 321 1266 379 proponitur.
1302 347 1360 353 -—
1393 322 1490 364 Hoc

62 407 207 438 autem
242 393 294 437 de
328 393 400 437 illa
434 393 576 450 primo
622 392 941 436 ostendendum
975 405 1055 447 est,
1091 407 1192 450 qnae
1235 394 1493 452 inquisitioni

62 467 238 510 rationis
255 467 403 523 pervia
426 480 506 508 esse
536 473 684 522 potest;
708 480 760 507 ne
793 463 902 507 forte
936 464 1059 507 alicui
1081 463 1289 516 videatur,
1326 479 1379 507 ex
1403 480 1490 522 quo

66 539 230 582 ratione
255 536 397 580 haberi
425 550 579 594 potest,
614 536 766 579 frustra
791 535 832 579 id
867 535 1179 594 supernaturali
1214 537 1492 594 inspiratione

63 608 328 654 credendum
363 607 567 651 traditum
602 623 757 650 esse.»

188 680 286 724 Hoc
321 679 574 737 praestituto
609 678 853 736 prooemio,
886 693 972 735 quo
1020 690 1113 720 tum
1157 691 1290 721 status
1338 695 1495 737 quaes-

63 745 201 795 tionis
235 764 328 794 tum
363 749 557 793 eiusdem
593 749 750 792 utilitas
785 761 1030 806 opportune
1075 745 1311 792 admodum
1357 766 1494 807 expo-

65 824 196 878 nitur,
229 823 289 866 sic
322 839 343 865 a
376 837 407 866 s.
446 822 621 865 Thoma
654 820 837 864 dilucide
871 819 999 863 simul
1034 833 1074 863 et
1107 819 1330 864 efficaciter
1362 821 1494 866 thesis

65 895 170 939 haec
205 895 538 938 demonstratur.

185 983 207 1008 (c
241 967 532 1024 Sequerentur
568 967 645 1008 tria
682 965 1016 1019 inconvenientia,
1052 965 1086 1007 si
1122 963 1373 1008 huiusmodi
1417 982 1496 1009 ve-

65 1041 165 1084 ritas
199 1037 479 1082 solummodo
514 1038 669 1081 rationi
701 1037 952 1095 inquirenda
987 1036 1311 1095 relinqueretur.

193 1111 331 1154 Unum
364 1124 441 1163 est,
477 1109 594 1168 quod
624 1111 770 1168 palmis
803 1108 1054 1152 hominibus
1090 1110 1172 1153 Dei
1208 1111 1398 1168 cognitio
1423 1112 1494 1154 in-

66 1196 190 1228 esset.
223 1185 262 1227 A
294 1182 432 1226 fructu
466 1183 579 1226 enim
616 1181 833 1225 studiosae
868 1182 1176 1239 inquisitionis,
1212 1184 1284 1240 qui
1318 1196 1382 1226 est
1418 1199 1498 1226 ve-

65 1256 201 1299 ritatis
235 1255 444 1312 inventio,
479 1253 651 1311 plurimi
688 1251 987 1310 impediuntur
1018 1252 1154 1295 tribus
1184 1252 1234 1296 de
1269 1254 1497 1296 causis.—

69 1326 265 1380 Quidam
299 1325 513 1384 siquidem
547 1325 844 1382 impediuntur
870 1333 1034 1382 propter
1065 1325 1353 1383 complexionis
1388 1325 1498 1369 indi-

63 1400 333 1458 spositionem,
368 1413 420 1441 ex
455 1413 537 1456 qua
569 1397 693 1440 multi
727 1396 973 1440 naturaliter
1006 1410 1104 1440 sunt
1147 1396 1392 1455 indispositi
1444 1397 1498 1441 ad

66 1470 305 1514 sciendum.
342 1469 470 1514 Unde
502 1468 620 1512 nullo
655 1468 801 1512 studio
825 1469 876 1512 ad
910 1467 992 1511 hoc
1026 1469 1269 1526 pertingere
1293 1483 1493 1527 possent,

65 1555 111 1586 ut
144 1535 369 1587 summum
397 1541 578 1600 gradum
604 1541 815 1585 humanae
840 1541 1101 1599 cognitionis
1127 1542 1402 1599 attingerent,
1426 1543 1499 1600 qui

63 1615 107 1658 in
141 1614 445 1673 cognoscendo
480 1615 625 1658 Deum
662 1614 868 1657 consistit.
900 1639 958 1646 —
992 1613 1186 1667 Quidam
1224 1630 1328 1657 vero
1362 1615 1499 1672 impe-

62 1689 241 1733 diuntur
268 1689 501 1731 necessitate
535 1688 593 1730 rei
615 1686 861 1744 familiaris,
889 1686 1082 1744 Oportet
1114 1687 1231 1730 enim
1266 1702 1359 1730 esse
1387 1687 1500 1730 inter

64 1759 266 1804 homines
300 1758 481 1816 aliquos,
516 1758 588 1816 qui
628 1756 938 1815 temporalibus
987 1756 1336 1800 administrandis
1388 1758 1499 1800 insi-

69 1843 196 1887 stant,
226 1831 302 1889 qui
334 1842 502 1873 tantum
535 1842 706 1888 tempus
742 1830 783 1872 in
817 1830 909 1872 otio
953 1829 1307 1887 contemplativae
1350 1830 1498 1887 inqui-

71 1904 239 1948 sitionis
267 1919 356 1946 non
380 1915 557 1960 possent
591 1901 844 1960 expendere,
871 1915 915 1945 ut
950 1902 1000 1945 ad
1025 1917 1250 1945 summum
1274 1900 1501 1959 fastigium

71 1976 283 2020 humanae
317 1975 610 2033 inquisitionis
644 1975 952 2032 pertingerent,
987 1973 1146 2017 scilicet
1170 1975 1251 2017 Dei
1278 1974 1499 2031 cognitio-

70 2063 185 2092 nem.
206 2074 258 2080 -
285 2047 479 2101 Quidam
503 2061 643 2090 autem
669 2046 962 2104 impediuntur
979 2048 1164 2105 pigritia.
1189 2047 1256 2090 Ad
1283 2047 1500 2104 cognitio-

72 2135 172 2163 nem
205 2120 320 2163 enim
354 2135 523 2174 eorum,
557 2134 664 2177 quae
699 2117 750 2162 de
774 2119 870 2161 Deo
905 2119 1014 2161 ratio
1055 2118 1311 2175 investigare
1345 2129 1507 2175 potest,

74 2191 209 2235 multa
242 2206 607 2250 praecognoscere
640 2203 827 2248 oportet,
856 2205 990 2248 quum
1025 2189 1112 2232 fere
1145 2190 1278 2232 totius
1303 2187 1500 2246 philoso-

76 2263 200 2322 phiae
234 2263 520 2307 consideratio
550 2262 601 2306 ad
627 2263 706 2306 Dei
733 2263 1025 2319 cognitionem
1060 2260 1296 2304 ordinetur.
1322 2260 1506 2319 Propter

75 2336 194 2395 quod
228 2335 532 2394 metaphysica,
567 2351 673 2393 quae
708 2335 817 2378 circa
840 2334 980 2378 divina
1013 2346 1220 2390 versatur,
1255 2334 1366 2377 inter
1399 2332 1503 2392 phi-

75 2406 298 2465 losophiae
328 2420 466 2465 partes
491 2406 641 2449 ultima
664 2418 854 2448 remanet
877 2404 1146 2448 addiscenda.
1174 2405 1247 2448 Sic
1270 2420 1374 2461 ergo
1398 2419 1507 2446 non-

76 2479 159 2522 nisi
193 2494 290 2522 cum
326 2493 485 2536 magno
522 2476 664 2520 labore
698 2476 827 2520 studii
861 2476 912 2520 ad
947 2475 1184 2534 praedictae
1218 2476 1407 2519 veritatis
1437 2475 1509 2517 in-

78 2550 358 2609 quisitionem
383 2549 594 2608 perveniri
619 2561 780 2606 potest;
806 2563 934 2606 quem
959 2547 1133 2606 quidem
1169 2546 1358 2590 laborem
1384 2545 1508 2605 pauci
