1737 2802
607 103 873 146 —341—

531 311 701 355 THESIS
735 312 949 356 XXXIII.

18 437 140 481 Inter
171 451 233 491 ea,
266 451 367 495 quae
399 438 590 481 naturali
633 439 710 497 lege
741 440 1021 498 prohibentur,
1054 443 1244 485 recenseri
1289 442 1454 485 omnino

147 508 256 552 debet
290 509 435 552 locutio
469 519 609 553 contra
642 520 815 554 mentem
848 527 915 555 seu
948 512 1214 556 mendacium.

148 654 218 696 99.
247 640 623 684 PRAENOTmNes.
664 659 685 679 «
711 641 868 696 Magna
901 642 1097 698 quaestio
1131 655 1208 699 est,
1231 654 1276 685 ut
1310 658 1341 685 s.
1367 644 1455 686 Au-

26 712 190 769 gustini
225 710 365 754 verbis
399 711 471 770 (1')
504 711 795 767 exordiamur,
830 712 881 755 de
915 713 1132 766 mendacio,
1166 728 1272 770 quae
1305 729 1385 757 nos
1413 715 1455 756 in

19 783 130 840 ipsis
168 782 431 840 quotidianis
466 781 628 824 actibus
662 785 822 825 nostris
857 799 981 841 saepe
1017 783 1255 839 conturbat,
1295 799 1347 827 ne
1384 797 1456 827 aut

22 865 193 897 temere
227 869 478 896 accusemus
508 854 798 910 mendacium,
823 855 941 912 quod
970 870 1057 898 non
1080 867 1143 898 est
1166 854 1458 910 mendacium,

27 938 99 968 aut
132 925 391 968 arbitremur
424 924 653 982 aliquando
688 941 782 968 esse
807 925 1102 968 mentiendum
1138 925 1324 968 honesto
1349 939 1456 984 quo-

27 996 127 1040 dam
162 1009 203 1040 et
237 996 435 1039 officioso
459 1010 530 1039 aut
564 996 831 1039 misericordi
857 997 1137 1040 mendacio.»
1175 998 1292 1040 Haec
1326 998 1458 1054 igitur

19 1067 117 1111 *duo
152 1069 195 1110 in
229 1069 379 1125 primis
415 1069 682 1126 inquiramus
706 1095 762 1098 —
787 1068 889 1126 quid
924 1070 1096 1127 proprie
1130 1071 1184 1112 sit
1207 1094 1262 1102 —
1285 1082 1325 1112 et
1349 1084 1458 1128 quo-

28 1138 180 1196 tuplex
212 1140 267 1182 sit
299 1140 586 1182 mendacium.

151 1212 182 1256 I.
219 1211 496 1255 Mendacium
533 1211 697 1255 definiri
733 1212 843 1255 solet
870 1212 1091 1255 deliberata
1124 1221 1263 1255 eontra
1286 1221 1460 1255 mentem

27 1284 175 1328 locutio
197 1284 284 1342 (2),
304 1297 344 1327 et
366 1297 467 1326 tunc
493 1285 719 1341 contingit,
739 1299 835 1326 cum
857 1285 953 1341 quis
972 1283 1085 1326 aliud
1105 1283 1226 1326 habet
1246 1284 1288 1326 in
1309 1285 1456 1326 animo

26 1368 70 1399 et
91 1355 206 1399 aliud
225 1354 363 1398 verbis
383 1356 588 1411 enuntiat,
608 1371 681 1398 seu
702 1356 821 1398 aliter
840 1355 1033 1413 loquitur
1051 1356 1237 1397 exterius
1261 1371 1307 1397 ac
1330 1355 1459 1398 sentit

20 1427 223 1471 interius.
249 1453 306 1459 —
331 1427 478 1480 Quam
516 1427 813 1470 definitionem
850 1439 894 1469 ut
929 1427 1086 1469 rectius
1120 1425 1350 1483 intelligas,
1382 1425 1459 1468 du-

29 1500 187 1558 plicem
224 1515 322 1543 cum
347 1515 378 1543 s,
406 1500 583 1543 Thoma
618 1499 689 1558 (3)
723 1512 763 1542 et
788 1500 989 1543 Suaresio
1023 1498 1095 1556 (4)
1129 1498 1347 1555 distingue
1379 1496 1458 1540 fal-

20 1572 197 1614 sitatem
230 1570 428 1623 dicentis,
464 1571 635 1613 alteram
682 1570 949 1621 materialem,
986 1569 1214 1626 formalem
1261 1567 1456 1612 alteram.

28 1640 267 1685 Materialis
303 1640 460 1684 falsitas
494 1654 574 1697 est,
607 1640 781 1698 quando
815 1639 967 1697 aliquis
1003 1651 1155 1696 putans
1188 1654 1281 1682 esse
1304 1651 1458 1682 verum

22 1713 86 1766 id,
121 1712 239 1771 quod
273 1713 469 1770 affirmat,
501 1712 567 1756 vel
603 1712 756 1754 falsum
808 1711 865 1764 id,
900 1710 1018 1768 quod
1066 1722 1212 1770 negat,
1247 1708 1459 1766 decipitur

27 1797 70 1828 et
103 1784 273 1843 decipit3
307 1797 348 1828 et
380 1797 483 1827 tunc
516 1799 605 1827 non
639 1783 929 1826 committitur
965 1780 1253 1834 mendacium,
1287 1779 1362 1823 sed
1401 1779 1459 1822 le-

24 1857 133 1900 vitas
167 1855 280 1899 haud
304 1869 398 1898 raro
432 1855 663 1898 incurritur
697 1870 771 1897 seu
807 1853 1024 1896 temeritas
1049 1851 1091 1894 in
1114 1850 1334 1908 loquendo
1370 1850 1456 1909 (5).

126 2076 181 2121 (1)
208 2076 263 2110 De
291 2077 484 2111 mendacio
512 2075 555 2109 ad
585 2075 839 2111 Consentium.
868 2074 911 2108 ab
939 2073 1054 2108 initio.

126 2135 184 2180 (2)
209 2147 232 2168 «
251 2135 482 2170 Mendacium
511 2135 722 2169 nominatur
750 2146 791 2169 ex
819 2144 875 2177 eo,
903 2132 997 2178 quod
1035 2140 1160 2166 contra
1199 2139 1362 2166 mentem
1401 2130 1459 2164 di-

20 2196 172 2230 mitur.»
197 2195 236 2229 In
265 2206 298 2230 2.
329 2205 361 2230 2.
389 2208 423 2242 q.
459 2205 527 2230 110.
557 2206 586 2229 a.
620 2205 648 2229 ι.

127 2254 175 2300 (3)
201 2255 288 2289 Loc.
320 2266 414 2289 nunc
444 2255 504 2289 c'it.

125 2314 177 2359 (4)
206 2313 328 2349 Tract.
356 2313 399 2348 de
424 2313 506 2356 fide,
533 2313 622 2359 disp.
650 2312 712 2346 III.
740 2320 825 2346 sect.
852 2311 895 2346 V.
923 2321 1022 2345 num.
1054 2320 1081 2345 1.

125 2374 177 2418 (ς)
203 2374 275 2408 «Si
303 2373 382 2420 quis
408 2371 537 2406 falsum
567 2372 743 2411 enuntiet,
771 2369 921 2404 credens
949 2369 985 2403 id
1013 2379 1090 2403 esse
1122 2380 1255 2410 verum,
1283 2377 1335 2402 est
1377 2367 1460 2414 qui-

29 2431 114 2468 dem
133 2432 263 2468 falsum
285 2432 529 2473 materialiter,
556 2431 616 2466 sed
638 2442 710 2465 non
733 2429 945 2466 formaliter.
962 2441 984 2462 »
1002 2429 1053 2464 Ita
1072 2439 1097 2463 s.
1119 2427 1296 2471 Thomas,
1314 2427 1460 2462 ibidem.

29 2493 73 2528 Et
92 2501 128 2526 ut
147 2502 174 2527 S.
201 2493 427 2537 Augustinus
453 2492 512 2526 ait.
540 2490 583 2524 de
611 2491 730 2524 verbis
757 2493 886 2536 Apost.
913 2500 1018 2524 serm.
1038 2488 1182 2523 XVIII.:
1214 2502 1231 2519 «
1249 2489 1364 2523 Ream
1393 2485 1460 2521 lin-

19 2562 140 2597 guam
167 2562 241 2586 non
269 2550 353 2585 facit
380 2550 448 2584 nisi
478 2561 580 2585 mens
608 2561 679 2584 rea.
702 2565 715 2578 ιι
