1737 2802
835 121 1099 163 -324-

795 401 961 444 T111351s
999 400 1145 444 XXX.

256 546 514 599 Dortiinimn,
564 546 672 604 qnod
710 555 864 590 nulum
908 548 1031 590 ctiam
1076 549 1259 605 privatis
1299 549 1339 590 in
1388 563 1447 591 res
1491 550 1689 607 proprias

373 618 564 674 concedit,
586 620 857 676 complectitur
891 634 1046 676 quoque
1069 621 1130 662 ius
1154 619 1345 662 testandi.
1380 620 1536 662 Errant
1564 621 1693 677 igitur

375 697 461 731 tum
489 689 796 733 Communistae
819 691 888 747 qui
911 691 972 732 ius
999 690 1102 733 illud
1126 691 1326 747 reiiciunt,
1345 698 1429 733 tum
1455 690 1693 734 socialistae

376 762 448 818 qui
479 775 504 802 a
538 761 624 804 sola
659 760 749 817 Iegis
782 762 914 804 civilis
948 761 1200 819 dispositione
1234 763 1296 804 ius
1330 761 1435 805 illud
1466 770 1666 820 repetunt.

377 927 444 969 93.
481 914 850 956 PRAENOTIONES.
879 913 1015 966 Quod
1041 913 1193 956 divites
1218 913 1301 971 (sic
1323 914 1441 956 aiunt
1465 914 1693 972 nonnulli)

256 983 308 1027 de
340 984 483 1037 rebus,
519 999 623 1042 quas
657 983 804 1027 dicunt
847 1001 961 1039 suas,
998 984 1228 1041 disponant
1260 985 1465 1042 quamdiu
1516 987 1687 1040 vivunt,

256 1054 427 1098 tolerari
454 1056 597 1112 aliquo
631 1055 766 1098 modo
801 1069 958 1112 potest.
982 1055 1091 1098 Illud
1115 1069 1178 1098 est
1203 1071 1379 1113 prorsus
1405 1057 1696 1117 intolerabile,

257 1126 374 1184 quod
407 1126 588 1170 audeant
622 1126 672 1170 de
697 1127 747 1169 iis
783 1127 1013 1184 disponere
1037 1128 1166 1170 etiam
1202 1127 1309 1170 ultra
1330 1129 1444 1171 vitae
1476 1144 1577 1173 suae
1599 1143 1693 1174 ter-

257 1198 442 1252 minum,
477 1214 545 1241 eas
579 1199 786 1240 nimirum
822 1198 912 1241 aliis
947 1198 1152 1242 donando
1181 1208 1253 1256 per
1287 1206 1594 1245 testamentum.
1621 1203 1689 1244 In-

254 1270 518 1312 terveniente
553 1270 667 1312 enim
706 1282 845 1312 morte
881 1271 1162 1327 possessoris,
1196 1270 1324 1313 huius
1367 1270 1477 1314 bona
1521 1285 1690 1316 natura-

253 1339 347 1383 liter
382 1341 567 1384 evadunt
602 1342 776 1397 nullius,
809 1355 880 1384 aut
915 1355 1137 1385 transeunt
1173 1344 1214 1384 in
1249 1343 1495 1386 dominium
1545 1346 1695 1388 socie--

255 1414 352 1454 tatis
389 1412 537 1455 civilis.
571 1438 630 1444 ——
664 1414 729 1456 De
765 1413 842 1456 hae
876 1429 1050 1471 quoque
1101 1415 1306 1472 opinione
1347 1414 1573 1459 ferendum
1625 1428 1696 1460 est‘

257 1483 484 1541 iudicium,
519 1496 665 1528 utrum
698 1500 834 1528 necne
870 1498 979 1528 tecta
1012 1487 1066 1528 sit
1100 1501 1144 1528 ac
1176 1501 1289 1529 vera.

377 1555 562 1613 Scilicet,
596 1556 682 1600 duo
718 1556 819 1599 haec
853 1563 1095 1614 quaerenda
1128 1571 1240 1600 sunt:
1266 1584 1322 1589 —
1353 1570 1500 1601 utrum
1535 1559 1586 1613 is,
1623 1559 1691 1602 cui

259 1628 319 1669 rei
354 1627 532 1670 alicuius
568 1628 814 1671 dominium
849 1629 974 1681 inest,
1010 1630 1074 1671 ius
1109 1645 1284 1686 quoque
1317 1628 1466 1673 habeat
1500 1630 1699 1687 testandi,

261 1714 335 1742 seu
371 1698 490 1741 alteri
524 1715 614 1742 rem
649 1698 763 1742 illam
799 1712 1060 1743 testamento
1095 1699 1380 1758 relinquendi:
1403 1726 1461 1734 —
1487 1714 1527 1745 et
1560 1703 1594 1744 si
1620 1702 1695 1746 ha-

258 1768 328 1812 bet
360 1769 440 1811 tale
488 1770 569 1826 ius,
604 1769 817 1813 undenam
854 1770 1016 1827 habeat,
1050 1787 1100 1814 an
1151 1783 1318 1814 tantum
1355 1788 1405 1815 ex
1443 1773 1534 1816 iure
1568 1774 1698 1831 posi-

258 1842 365 1896 tivo,
397 1857 449 1884 an
480 1857 584 1885 vero
618 1856 669 1885 ex
706 1842 801 1899 ipso
833 1843 924 1885 iure
957 1843 1151 1887 naturali.

381 1927 449 1967 94.
484 1913 868 1956 DEMONSTRA‘rto.
905 1915 935 1956 I.
971 1913 1250 1957 Affirmamus
1285 1915 1435 1972 primo,
1468 1930 1585 1972 eum,
1619 1915 1694 1972 qui

259 1983 451 2041 legitime
485 2000 576 2026 rem
610 1984 796 2042 aliquam
846 1985 1039 2041 possidet
1089 2001 1162 2028 seu
1199 1985 1312 2029 illius
1357 1998 1420 2029 est
1469 1985 1696 2041 dominus,

260 2054 415 2102 habere
444 2056 509 2097 ius
533 2055 728 2098 testandi.
755 2056 852 2098 Hoc
876 2055 1140 2098 affirmamus
1176 2070 1322 2100 contra
1346 2057 1694 2113 Communistas,

259 2127 332 2183 qui
366 2127 476 2169 sicut
510 2126 754 2169 dominium
806 2128 1037 2183 privatum,
1077 2129 1130 2170 ita
1166 2128 1230 2169 ius
1279 2126 1462 2170 testandi
1512 2142 1699 2185 prorsus

259 2198 470 2241 reiiciunt.

379 2270 618 2325 Arguimus
659 2268 738 2327 1⁰.)
787 2285 837 2311 ex
885 2284 1097 2312 consensu
1149 2271 1343 2312 unanimi
1391 2282 1432 2312 et
1480 2269 1693 2313 constanti

260 2341 461 2383 omnium
497 2340 742 2384 hominum.
763 2341 860 2383 Hoc
894 2340 1054 2382 scilicet
1081 2341 1146 2383 ius
1171 2356 1263 2384 esse
1288 2356 1387 2383 cum
1411 2342 1469 2384 rei
1494 2339 1692 2384 dominio

260 2426 518 2464 connexum,
548 2428 718 2469 semper
753 2425 792 2455 et
827 2410 986 2469 ubique
1020 2411 1258 2455 admissum
1296 2411 1390 2456 fuit:
1423 2410 1693 2455 voluntatem

259 2483 474 2525 testatoris
506 2498 598 2525 esse
621 2496 763 2526 sancte
788 2481 1070 2540 implendam,
1094 2484 1342 2526 communis
1365 2495 1428 2526 est
1450 2495 1496 2524 ac
1518 2494 1698 2539 semper

260 2552 340 2596 fuit
375 2554 598 2597 sententia.
