1737 2802
717 198 984 240 ,ψ-

131 279 322 324 humana
353 281 571 325 societate:
605 279 822 338 siquidem
856 295 988 323 nemo
1021 282 1103 323 iam
1138 294 1285 338 posset
1318 281 1435 324 alteri
1477 298 1565 325 cre-

132 351 251 408 dere,
275 350 349 395 sed
373 352 415 394 in
439 353 594 409 quovis
619 352 733 396 dicto
765 351 1088 410 ambiguitatem
1113 354 1324 396 sermonis
1358 355 1566 411 suspicari

133 424 282 480 pos'set
317 438 363 465 ac
397 422 583 466 deberet.
620 449 672 454 —
708 424 783 466 Est
815 435 959 466 tamen
993 424 1218 482 aliquando
1262 423 1394 478 licita,
1429 441 1564 483 quum

132 509 291 552 nempe
325 494 586 537 rationabilis
621 507 661 537 et
693 495 804 537 iusta
837 509 960 537 causa
992 511 1092 538 vere
1125 495 1258 539 adest.
1285 497 1415 540 Tunc
1448 498 1565 540 enim

134 565 203 608 illa
253 565 448 624 deceptio
495 582 570 610 seu
621 582 756 619 error,
792 568 857 609 cui
908 566 1085 610 audiens
1134 567 1350 623 adhaeret,
1402 569 1564 611 censeri

136 649 279 694 potest
312 652 400 680 non
432 639 696 681 voluntarius
729 638 804 690 illi,
840 639 912 696 qui
945 637 1157 696 loquitur,
1194 639 1267 682 sed
1301 639 1350 682 ab
1385 655 1436 682 eo
1469 652 1566 683 tan-

133 708 371 752 tummodo
417 711 655 767 permissus:
708 709 884 753 audiens
934 710 1058 753 debet
1112 726 1212 753 suae
1262 709 1445 754 fatuitati
1497 711 1564 754 vel

132 779 448 837 imprudentiae
471 794 542 823 aut
567 780 948 824 inconsiderationi
973 797 1165 824 errorem
1187 781 1439 839 adscribere,
1464 797 1563 825 cum

134 852 227 894 sine
275 852 365 894 iure
415 851 480 894 vel
529 853 657 895 etiam
692 865 837 895 contra
885 853 949 895 ius
984 852 1035 896 de
1075 869 1132 909 re,
1166 869 1273 910 quae
1322 853 1372 896 ad
1421 855 1564 911 ipsum

134 937 223 965 non
257 936 432 980 spectat,
468 925 625 967 certior
673 923 763 966 fieri
809 923 911 967 vult.
963 925 1034 968 Sic
1067 925 1181 968 licita
1228 941 1329 968 sane
1363 924 1442 968 fuit
1492 940 1564 969 ae-

128 994 401 1050 quivocatio,
427 996 575 1051 quain
609 995 811 1052 exemplo
837 994 1021 1038 adducto
1057 1009 1228 1040 sanctus
1261 996 1330 1040 ille
1363 997 1428 1039 vir
1460 1012 1563 1039 usus

133 1080 198 1110 est
233 1065 284 1109 ad
316 1066 448 1108 vitam
483 1066 750 1110 servandam.
802 1067 1010 1110 Similiter
1056 1068 1169 1111 licite
1218 1068 1563 1111 restrictionibus

131 1137 214 1180 late
248 1136 503 1180 mentalibus
529 1150 709 1181 utuntur
742 1153 894 1181 omnes
918 1154 1126 1195 personae
1160 1138 1365 1196 publicae,
1389 1140 1564 1198 quando

97 1211 106 1220 ”
134 1211 186 1253 de
220 1209 345 1253 rebus
380 1225 479 1252 suae
513 1208 612 1253 fidei
649 1211 895 1253 commissis
931 1212 1251 1269 interrogantur
1282 1211 1331 1255 ab
1384 1213 1454 1265 iis,
1489 1214 1563 1271 qui

132 1281 302 1324 nullum
326 1280 481 1323 habent
508 1281 573 1323 ius
597 1279 769 1324 easdem
795 1282 1106 1338 cognoscendi,
1124 1295 1169 1325 ut
1195 1296 1296 1326 sunt
1319 1283 1563 1341 principum

126 1351 277 1410 legati,
309 1353 539 1409 secretarii,
572 1354 837 1396 exercituum
873 1353 1020 1408 duces,
1047 1356 1336 1411 magistratus,
1355 1354 1562 1409 advocati,

133 1422 291 1466 medici
326 1435 405 1467 etc.
440 1422 525 1481 (1).
548 1424 694 1467 Nemo
728 1439 815 1466 non
839 1424 955 1466 videt
984 1425 1278 1482 incommoda,
1303 1441 1435 1483 eaque
1469 1442 1564 1481 gra-

135 1496 325 1548 vissima,
361 1510 468 1552 quae
509 1496 549 1537 in
596 1495 801 1537 societate
852 1508 1148 1553 sequerentur,
1183 1498 1217 1539 si
1252 1496 1317 1539 his
1367 1498 1564 1555 personis

135 1565 315 1623 publicis
348 1566 513 1609 licitum
549 1566 730 1609 subinde
764 1581 853 1609 non
886 1580 997 1610 esset
1031 1582 1191 1611 secreta
1225 1569 1285 1612 eis
1331 1571 1565 1613 commissa

133 1637 349 1680 occultare
383 1653 459 1695 per
492 1638 783 1680 restrictiones
817 1638 897 1681 late
947 1638 1166 1683 mentales..
1219 1640 1346 1684 Unde
1395 1653 1563 1684 tantum

131 1709 269 1761 abest,
307 1721 351 1752 ut
385 1709 637 1752 earumdem
684 1725 786 1752 usus
837 1710 878 1752 in
927 1710 1181 1767 supradictis
1232 1711 1397 1755 casibus
1447 1712 1563 1759 bono

131 1781 357 1824 communi
391 1780 655 1832 adversetur,
692 1794 737 1823 ut
772 1797 793 1824 e
828 1782 1043 1825 contrario
1073 1783 1267 1839 exigatur
1300 1799 1321 1826 a
1354 1783 1470 1826 bono
1494 1800 1564 1828 so-

134 1853 312 1896 cietatis:
336 1865 399 1895 est
422 1854 535 1895 enim
571 1868 697 1909 saepe
723 1853 898 1895 unicum
922 1852 1115 1896 medium
1148 1853 1309 1897 celandi
1333 1868 1561 1900 secretum.

258 1938 354 1968 102.
387 1925 625 1968 SCHOLION
660 1925 712 1967 ΙΙ.
747 1923 1023 1967 Mendacium
1057 1941 1149 1969 esse
1182 1925 1394 1983 sslicitum,
1422 1943 1473 1970 ex
1511 1944 1563 1971 eo

127 1996 260 2038 etiam
294 1995 704 2052 demonstravimus,
732 1995 850 2053 quod
873 1995 1066 2039 illicitum
1091 1998 1159 2047 sit,
1182 1998 1224 2040 in
1248 2011 1439 2041 mentem
1463 1998 1563 2042 alte-

227 2198 283 2242 (1)
310 2198 366 2232 De
394 2197 616 2232 confessario
644 2207 786 2232 constat
813 2198 966 2233 omnino
995 2199 1088 2244 apud
1108 2199 1339 2244 Tlieologos‚
1368 2200 1489 2246 ipsum
1507 2203 1564 2235 in-

132 2266 359 2304 terrogatum
387 2267 512 2292 contra
539 2270 650 2292 omne
679 2259 731 2292 ius
759 2269 777 2291 a
804 2268 971 2304 tyranno,
997 2270 1041 2291 an
1074 2260 1183 2293 ΤιἸῐιις
1215 2258 1382 2304 consessus
1420 2262 1463 2294 sit
1503 2262 1563 2295 ho-

134 2318 323 2358 micidium,
352 2317 569 2363 respondere
597 2329 703 2363 posse
732 2327 764 2352 et
798 2317 940 2359 debere,
969 2320 1090 2360 nescio,
1127 2321 1207 2365 quia
1248 2318 1490 2354 confessarius
1528 2320 1562 2353 id

132 2389 215 2411 vere
242 2378 358 2412 nescit
386 2378 536 2412 scientia
563 2377 874 2413 communicabili.
901 2378 979 2412 Imo
1021 2379 1162 2413 etiarnsi
1202 2388 1376 2424 tyrannus
1416 2380 1563 2414 instaret

133 2447 167 2472 et
195 2446 395 2482 quaereret,
422 2448 466 2470 an
492 2438 551 2471 boc
579 2439 682 2471 nescis
708 2438 849 2472 scientia
876 2439 1161 2480 communicabili,
1189 2439 1408 2484 respondere
1448 2439 1563 2473 adhuc

133 2506 271 2541 posset,
298 2497 419 2540 nessio,
446 2496 527 2542 quia
555 2495 792 2531 confessarius
820 2497 906 2532 illud
926 2509 1009 2532 vere
1038 2499 1153 2533 nescit
1180 2508 1217 2533 ut
1244 2498 1370 2539 homo,
1392 2499 1453 2533 sed
1480 2507 1563 2532 tan-

130 2556 327 2590 tunimodo
356 2556 546 2601 cognoscit
574 2565 611 2591 ut
635 2557 801 2590 minister
827 2568 889 2591 seu
917 2558 1067 2592 vicarius
1087 2559 1167 2594 Dei.
1186 2558 1229 2592 Et
1257 2558 1350 2592 hanc
1377 2569 1481 2592 suam
1509 2568 1563 2591 re-

129 2615 370 2659 sponsionem
399 2625 521 2661 posset
541 2619 650 2651 etiam
671 2616 900 2651 iureiurando
920 2617 1151 2652 confirmare.
1173 2615 1228 2653 Cf.
1258 2617 1358 2664 Gury
1385 2617 1421 2651 in
1440 2617 1560 2652 V111¹··.

132 2684 252 2720 praec.
277 2673 352 2710 dec.
