1737 2802
1566 0 1592 11 ‚⁶
1626 0 1737 139 :5³

232 218 374 274 colligi
410 229 526 260 certo
561 232 607 259 ac
641 229 752 259 recte
786 227 941 272 potest,
975 229 1181 273 quaenam
1219 213 1344 258 nobis
1378 212 1523 257 aliisve
1555 214 1653 257 iura

232 289 377 345 insint,
410 287 666 346 quibusnam
701 284 936 329 nos-aliive
985 285 1128 343 officiis
1169 284 1502 342 adstringamur.
1560 283 1658 328 Hoc

231 372 394 414 autem,
433 371 477 401 ut
514 359 614 401 satis
649 370 778 416 patet,
811 372 897 400 non
933 370 1076 415 potest
1109 372 1200 400 esse
1235 357 1317 399 nisi
1349 355 1455 400 illud
1498 357 1657 414 ipsum,

233 446 283 473 ex
316 445 402 488 quo
435 442 655 487 tamquam
690 443 740 471 ex
777 428 894 472 fonte
929 430 1019 472 iura
1053 441 1094 472 et
1133 427 1272 472 officia
1296 429 1443 471 omnia
1466 427 1658 472 obiective

235 501 468 545 dimanant:
504 501 545 543 id
578 516 699 558 vero,
734 514 778 544 ut
811 502 853 544 in
886 501 996 544 thesi
1031 501 1308 558 praecedente
1352 499 1561 554 vidimus,
1595 512 1659 544 est

235 574 307 617 Iex.
334 574 451 630 Ergo
484 573 551 616 lex
575 586 637 616 est
671 589 820 616 verum
854 589 900 616 ac
933 585 1096 616 rectum
1132 573 1291 615 iurium
1325 571 1658 630 officiorumque

236 645 642 703 cognoscendorum
678 646 949 702 principium.
984 644 1083 700 Sed,
1121 660 1313 702 quaeres,
1346 657 1464 688 estne
1498 644 1564 687 lex
1586 658 1657 686 co-

827 133 1062 176 „70-

235 715 513 774 gnoscibilis?
547 716 620 758 Est
653 731 752 758 sane
789 714 1090 772 cognoscibilis
1126 741 1178 746 —
1203 715 1269 758 vel
1303 730 1377 773 per
1410 715 1554 772 ipsum
1586 728 1659 756 na-

235 789 366 831 turale
399 788 547 831 lumen
581 788 775 839 rationis,
811 789 844 829 si
878 788 932 830 sit
965 787 1188 839 naturalis,
1214 811 1271 819 —
1299 785 1379 842 vel,
1412 786 1448 829 si
1476 786 1658 844 positiva

236 862 305 919 sit,
337 876 411 918 per
445 861 565 917 signa
599 859 666 902 illa
699 872 887 912 externa,
922 860 964 901 in
998 858 1153 917 quibus
1199 858 1508 914 manifestatur.
1550 856 1661 901 Illud

238 934 383 991 potius
418 932 602 985 adverte,
637 931 754 990 quod
788 932 880 974 iura
913 930 1136 989 officiaque
1171 944 1330 989 spectat
1357 932 1542 989 positiva
1583 945 1660 973 seu

236 1006 453 1062 acquisita,
500 1005 706 1046 nimirum
743 1003 795 1046 ad
838 1019 884 1045 ea
936 1003 1229 1060 dignoscenda
1277 1003 1535 1061 inspectioni
1568 1002 1664 1059 legis

239 1075 336 1118 addi
370 1077 495 1118 etiam
533 1074 685 1118 debere
708 1075 1024 1132 inspectionem
1050 1075 1174 1132 facti,
1210 1076 1233 1119 i.
1259 1092 1294 1119 e.
1319 1088 1465 1118 utrum
1478 1076 1562 1118 rite
1585 1089 1664 1133 po·

239 1149 370 1190 situm
420 1146 548 1190 fuerit
600 1146 703 1190 illud
752 1146 909 1189 factum
946 1148 998 1202 (e.
1045 1163 1085 1203 g.
1131 1162 1381 1203 consensuS,
1415 1146 1665 1204 emptionis,

239 1219 484 1263 donationis
519 1222 630 1277 etc.)‚
666 1232 978 1277 consequenter
1011 1218 1060 1262 ad
1095 1219 1212 1276 quod
1247 1219 1310 1262 vel
1344 1220 1465 1262 cuius
1499 1219 1665 1261 ratione

239 1303 278 1333 et
312 1291 467 1333 intuitu
502 1290 568 1333 lex
601 1289 765 1333 confert
798 1292 880 1343 ius,
916 1289 1195 1348 officiumque
1229 1291 1427 1348 imponit.
1454 1291 1580 1344 Quae
1612 1306 1665 1333 ex

239 1361 363 1404 dictis
398 1362 439 1404 in
474 1361 763 1419 disputatione
787 1362 838 1404 de
871 1362 1034 1419 legibus
1069 1375 1109 1405 et
1141 1363 1184 1405 in
1209 1363 1470 1420 praestitutis
1494 1361 1544 1406 de
1567 1362 1660 1405 iure

240 1431 470 1490 officioque
503 1431 695 1476 thesibus
731 1446 940 1487 constant,
964 1434 1072 1476 sicut
1100 1434 1226 1476 etiam
1251 1449 1383 1491 pauca
1417 1432 1533 1491 haec,
1556 1448 1667 1492 quae

239 1503 449 1547 uberioris
482 1504 774 1562 explicationis
808 1506 939 1562 gratia
977 1504 1244 1548 subiicimus.

361 1578 564 1619 Actiones
598 1577 663 1620 vel
697 1590 795 1619 sunt
822 1579 1040 1621 intrinseca
1062 1576 1300 1620 moralitate
1333 1577 1564 1635 praeditae,
1593 1576 1662 1620 vel

241 1664 343 1691 non.
378 1649 550 1690 Priores
585 1648 678 1691 iilae
711 1660 812 1690 sunt
846 1647 1066 1691 obiectum
1097 1651 1316 1707 proprium
1348 1648 1455 1706 legis
1487 1657 1666 1692 natura-

241 1721 309 1773 Its,
343 1719 445 1762 aliae
479 1735 582 1763 vero
616 1719 721 1777 legis
753 1722 968 1777 positivae.

360 1791 497 1844 Quod
530 1805 691 1849 spectat
723 1792 774 1834 ad
807 1793 996 1835 actiones
1033 1793 1258 1836 intrinseca
1279 1792 1515 1836 moralitate
1532 1808 1664 1851 prae-

243 1863 366 1920 ditas,
400 1878 471 1906 eae
504 1876 602 1905 sunt
637 1862 701 1906 vel
739 1864 945 1906 intrinsece
979 1863 1110 1906 malae
1132 1863 1198 1906 vel
1216 1864 1422 1907 intrinsecae
1443 1863 1581 1908 bonae.
1605 1887 1665 1897 —·

241 1935 445 1978 Actiones
479 1935 708 1978 intrinsece
743 1934 877 1977 malae
912 1934 1067 1978 cadunt
1100 1951 1252 1984 omnes
1287 1935 1364 1978 sub
1396 1935 1537 1993 legem
1579 1951 1662 1978 nt-

241 2006 420 2049 turalem
450 2005 740 2064 prohibentem.
776 2007 888 2049 Hinc
921 2006 1088 2050 nullum
1134 2007 1285 2050 habere
1334 2023 1568 2066 possumus
1601 2010 1664 2050 ius

242 2096 308 2122 eas
343 2080 550 2138 ponendi,
585 2079 659 2122 sed
695 2094 841 2123 contra
873 2080 1004 2138 officio
1039 2093 1236 2124 tenemur
1257 2096 1325 2124 eas
1345 2081 1665 2125 omittendi.—

242 2155 445 2195 Actiones
481 2165 623 2195 autem
658 2153 885 2195 intrinsece
920 2152 1056 2196 bonae
1091 2153 1245 2196 cadunt
1279 2153 1357 2197 sub
1391 2153 1532 2211 legem
1585 2168 1665 2196 na-
1714 2182 1719 2185 ⁴

242 2223 422 2267 turalem
457 2224 522 2266 vel
547 2226 860 2282 praecipientem
894 2225 961 2267 vel
995 2225 1233 2268 suadentem
1265 2225 1334 2269 vel
1367 2226 1551 2283 positive
1564 2240 1668 2284 pcr-

245 2296 475 2338 mittentem.
511 2295 732 2338 Habemus
757 2311 860 2353 ergo
886 2298 947 2339 ins
981 2312 1048 2339 eas
1074 2296 1274 2354 ponendi.
1299 2296 1523 2340 Tenemur
1542 2297 1666 2339 ‘msu-

245 2381 322 2423 per
355 2365 484 2424 officio
519 2366 707 2424 ponendi
741 2366 846 2420 illas,
880 2383 987 2425 quae
1021 2380 1121 2411 sunt
1155 2367 1371 2411 obiectum
1395 2367 1500 2425 legis
1533 2379 1667 2411 natu-

244 2436 342 2480 ralis
372 2440 671 2496 praecipientis,
715 2454 789 2481 seu
838 2454 943 2496 quae
992 2441 1049 2482 ita
1091 2438 1141 2482 de
1184 2456 1229 2483 se
1272 2439 1408 2483 bonae
1455 2451 1570 2492 sunt,
1618 2451 1667 2482 ut

244 2507 495 2552 earumdem
530 2510 782 2566 oppositum
817 2511 869 2554 sit
903 2510 954 2554 de
988 2527 1032 2554 se
1065 2510 1241 2555 malum.

366 2579 502 2633 Quod
535 2592 678 2623 autem
711 2582 858 2625 attinet
892 2582 943 2626 ad
976 2583 1182 2640 actiones,
1215 2598 1323 2641 quae
1355 2597 1443 2626 non
1476 2581 1666 2640 gaudent
