1737 2802
777 127 1042 170 -108—

201 220 352 277 afferri,
385 220 556 264 adducit
580 220 686 265 hoc:
720 221 755 263 si
788 221 885 279 quis
919 220 1096 276 dubitet,
1128 230 1268 266 utrum
1291 222 1352 267 dii
1370 225 1453 268 sint
1473 223 1626 268 colendt

202 308 334 347 necne,
384 288 563 355 πότερον
611 289 676 336 δεῖ
717 287 818 344 τοὺς
867 288 989 345 Θεοὺς
1036 297 1172 352 τιμᾶν
1215 292 1241 345 ἢ
1285 290 1348 339 οὒ.
1385 320 1439 328 -
1474 296 1624 340 Unum

201 362 368 405 addam.
403 363 810 406 Demonstravimus
842 363 988 406 Deum
1021 379 1115 407 esse
1147 364 1378 408 dominum
1415 365 1623 410 hominis.

200 436 254 477 At
287 436 420 492 qualis
453 434 658 478 dominus
690 436 782 478 est?
814 436 1031 479 Dominus
1064 449 1128 480 est
1154 449 1247 480 tum
1272 438 1314 480 in
1337 453 1383 481 se
1406 437 1624 496 perfectis—

200 506 348 563 simus,
380 519 474 549 tum
508 508 636 550 etiam
671 522 770 564 erga
802 523 882 550 nos
916 509 1107 551 maxime
1139 507 1339 563 liberalis,
1364 510 1437 568 qui
1460 509 1624 554 scilicet

199 594 297 622 Cum
330 577 494 622 infinita
528 579 732 636 sapientia
765 594 810 621 ac
844 580 1032 637 potentia
1065 595 1282 623 summam
1315 581 1456 639 iungit
1487 580 1624 626 bene-

198 650 411 694 ficentiam
444 666 543 708 erga
575 665 654 693 nos
688 663 812 708 atque
846 650 1165 707 benignitatem.
1202 652 1319 695 Haec
1366 653 1448 696 Dei
1499 651 1624 696 beni-

198 724 337 780 gnitas
370 723 412 765 in
446 738 512 779 eo,
546 735 592 766 ut
628 735 766 765 cetera
797 723 1016 775 omittam,
1041 723 1233 766 maxime
1266 724 1470 777 cernitur,
1505 723 1624 782 quod

199 810 297 837 cum
331 806 477 852 posset
526 794 707 852 plurima
753 810 887 852 eaque
935 795 1187 851 gravissima
1228 795 1351 839 nobis
1395 796 1623 854 imponere

198 880 432 924 praecepta,
467 882 599 924 pauca
633 867 842 923 imposuit
864 878 905 910 et
929 865 1078 924 facilia,
1107 882 1303 925 quaeque
1336 868 1427 926 ipsa
1448 880 1624 912 naturae

199 938 414 982 rectitudo
449 939 601 995 exigit:
637 939 784 981 omnia
815 940 930 982 enim
963 938 1226 982 reducuntur
1258 939 1432 984 tandem
1461 940 1512 984 ad
1535 941 1622 985 duo

198 1011 314 1067 haec,
347 1024 393 1053 ut
425 1011 573 1068 Ipsum
608 1025 803 1054 amemus
835 1024 876 1054 et
909 1013 1155 1069 proximum
1180 1024 1357 1070 propter
1388 1016 1538 1070 Ipsum
1561 1012 1624 1057 di-

196 1082 393 1140 ligamus.
439 1083 542 1136 Qua
584 1083 626 1125 in
670 1097 714 1126 re
759 1098 889 1126 nemo
923 1098 1011 1126 non
1045 1082 1176 1138 videt,
1226 1096 1437 1141 quantum
1471 1101 1493 1128 a
1526 1085 1623 1129 Deo

197 1154 391 1198 differant
425 1154 591 1198 domini
623 1155 795 1211 terreni,
834 1155 904 1212 qui
940 1167 986 1197 ut
1020 1155 1268 1213 insipientes
1302 1167 1344 1198 et
1377 1154 1623 1214 imbecilles,

196 1227 252 1268 ita
284 1226 395 1268 avari
427 1241 552 1283 saepe
586 1238 686 1268 sunt
719 1238 846 1284 atque
879 1227 1050 1269 austeri.
1091 1226 1136 1270 Si
1169 1241 1275 1284 ergo
1309 1227 1418 1270 servi
1452 1226 1623 1285 debent,

196 1311 242 1341 ut
273 1297 390 1340 iubet
421 1297 658 1355 Apostolus
682 1297 772 1356 (Ι),
804 1315 824 1339 «
847 1296 1021 1341 obedire
1055 1297 1243 1341 dominis
1268 1297 1503 1342 carnalibus
1523 1314 1621 1342 cum

194 1371 349 1413 timore
382 1369 607 1428 (interius)
641 1382 681 1413 et
715 1382 907 1413 tremore
941 1370 1172 1430 (exterius)
1203 1388 1254 1425 »3
1289 1382 1450 1430 quanto
1484 1372 1620 1428 magis

194 1441 330 1486 homo
365 1441 488 1485 debet
520 1443 673 1486 timere
705 1442 777 1502 (2)
810 1443 954 1486 Deum
989 1444 1113 1501 eique
1147 1442 1458 1502 obtemperare.

286 1690 340 1735 (x)
366 1688 495 1735 Ephes.
522 1689 582 1724 Vl.
614 1697 643 1730 5.

286 1748 340 1795 (2)
366 1749 458 1784 Cum
486 1749 608 1793 timor,
626 1759 795 1795 quaerere
817 1749 897 1795 quis
924 1757 1060 1794 posset,
1079 1747 1207 1783 habeat
1226 1760 1292 1795 pro
1311 1748 1456 1784 obiecto
1474 1747 1617 1794 malum,

191 1811 290 1844 Deus
316 1818 436 1844 autem
464 1809 509 1843 sit
535 1809 645 1856 ipsum
672 1810 806 1851 bonum,
834 1808 1021 1855 quomodo
1048 1819 1242 1854 possumus
1267 1809 1396 1844 timere
1413 1807 1615 1843 Deum?—

190 1868 425 1914 Respondem,
453 1879 522 1902 nos
548 1868 677 1902 timere
716 1867 853 1901 malum
892 1877 926 1902 e:
966 1868 1111 1913 insuper
1136 1866 1265 1902 timere
1303 1867 1413 1902 etiam
1451 1878 1613 1911 manum,

190 1940 279 1974 quae
307 1927 446 1961 malum
475 1925 605 1960 inferre
632 1935 763 1973 potest.
794 1927 959 1961 Iainvero
1000 1927 1172 1960 timemus
1197 1926 1328 1969 Deum,
1354 1937 1428 1960 non
1469 1924 1613 1972 quidem

193 1989 227 2022 in
254 2000 290 2023 se
319 1988 409 2033 ipse,
428 1987 490 2022 sed
516 1988 563 2021 ob
591 1987 740 2031 malum,
760 1999 830 2033 quo
858 1997 979 2033 potest
1006 1998 1074 2021 nos
1101 1987 1254 2023 afficere.
1274 1987 1295 2021 i.
1315 1998 1345 2021 e.
1365 1987 1411 2021 ob
1439 1997 1611 2032 poenam,

190 2060 257 2094 qun
287 2057 403 2094 potest
432 2047 556 2094 punire
582 2056 617 2081 et
644 2057 741 2082 certo
771 2047 894 2093 puniet
921 2046 1074 2092 culpam.
1103 2047 1207 2081 Hunc
1235 2046 1303 2081 Dei
1329 2047 1499 2081 timorem
1538 2057 1613 2080 non

189 2108 332 2150 habere,
360 2107 538 2141 dementis
566 2116 628 2140 est.
657 2106 705 2140 Ut
733 2107 828 2140 enim
857 2107 904 2141 ait
931 2107 1082 2149 mutes,
1109 2105 1176 2140 Inf.
1202 2106 1260 2140 11.:

471 2200 607 2235 Temer
633 2201 660 2235 si
690 2201 778 2235 deve
806 2201 860 2235 sol
889 2200 922 2234 di
952 2199 1069 2247 quelle
1098 2210 1193 2243 cose,

570 2260 747 2294 C'hanno
776 2269 927 2305 potenza
954 2259 987 2292 di
1018 2258 1091 2293 fare
1119 2258 1221 2293 altrui
1251 2257 1356 2300 male;

568 2320 659 2355 Dell‘
677 2320 764 2354 altre
792 2332 851 2363 no,
880 2320 944 2354 che
972 2331 1046 2354 non
1075 2331 1143 2353 son
1170 2330 1334 2365 paurose.

186 2416 234 2449 At
264 2426 385 2456 nemo,
413 2424 450 2448 ut
478 2416 590 2456 Deus,
618 2424 736 2461 potest
763 2415 868 2450 nobis
895 2425 1041 2449 nocere.
1070 2414 1163 2449 Nam
1191 2414 1281 2459 Ipse,
1301 2424 1402 2447 secus
1427 2423 1468 2447 ac
1493 2411 1608 2446 homo

187 2476 313 2520 quivis,
341 2484 458 2519 potest
485 2485 551 2509 nos
579 2475 706 2519 punire
735 2476 768 2508 in
797 2474 898 2509 omni
924 2474 1024 2513 loco,
1051 2473 1085 2507 in
1113 2482 1312 2516 aeternum,
1331 2471 1451 2519 quoad
1469 2471 1607 2513 omnia,

184 2535 294 2568 etiam
323 2534 440 2579 quoad
468 2534 640 2567 animam.
670 2534 762 2567 Hinc
789 2533 875 2567 dixit
905 2534 1070 2568 Christus
1097 2532 1290 2574 Dominus,
1311 2532 1395 2566 Luc.
1414 2530 1494 2564 XII.
1512 2539 1605 2573 4-5.:

185 2606 203 2624 «
222 2593 277 2627 Ne
303 2594 508 2627 terreamini
536 2594 579 2626 ab
607 2593 660 2626 his
688 2593 747 2638 qui
773 2592 944 2627 occidunt
971 2603 1114 2637 corpuS‚
1143 2600 1176 2626 et
1204 2599 1288 2637 post
1316 2589 1402 2624 haec
1433 2599 1507 2624 non
1533 2589 1603 2622 ha-
