1737 2802
672 127 936 169 „103-

89 226 142 255 ex
173 211 424 266 marmore),
458 209 638 267 acquirit
672 224 772 252 sane
806 208 1051 253 dominium
1092 208 1136 250 in
1170 223 1280 265 opus
1313 223 1334 250 a
1368 222 1411 250 se
1445 205 1511 250 ef-

87 281 262 326 fectum:
294 280 397 324 illud
429 282 543 324 enim
593 296 703 339 opus
750 293 813 324 est
844 296 983 334 saum,
1028 292 1068 324 et
1100 280 1144 321 in
1177 278 1233 335 id,
1279 280 1397 338 quod
1449 292 1512 322 est

87 368 224 406 suum,
258 353 556 411 unusquisque
588 353 655 395 ius
688 352 826 396 habet.
860 354 915 396 At
948 351 1085 395 multo
1124 351 1262 408 magis
1309 349 1390 394 tale
1424 350 1507 394 do-

88 425 273 468 minium
307 425 514 483 competit
547 423 621 478 illi,
655 425 728 482 qui
761 424 890 467 altero
925 422 1220 481 productionis
1246 421 1394 478 modo,
1418 422 1443 465 i.
1470 437 1506 465 e.

86 512 163 554 per
193 498 433 540 creationem
465 498 538 554 (1),
560 496 718 554 aliquid
752 496 860 539 facit.
891 496 1002 549 Dixi,
1025 495 1152 538 multo
1177 495 1314 552 magis.
1334 494 1506 537 Etenim

88 583 198 626 opus
231 567 281 611 ab
314 567 456 626 aliquo
491 583 564 626 per
598 568 855 611 creationem
889 567 1085 610 effectum
1122 565 1260 609 multo
1284 566 1421 623 magis
1444 577 1508 608 est

85 655 224 697 suum,
264 640 290 683 i.
325 656 361 684 e.
395 641 486 684 eius
535 640 607 697 qui
640 656 661 682 e
697 639 831 683 nihilo
880 639 983 682 illud
1028 639 1191 694 eduxit,
1238 653 1395 695 nempe
1442 649 1508 680 est

86 727 222 764 suum,
247 727 335 755 non
359 713 441 754 iam
465 712 769 755 tantummodo
793 710 935 769 quoad
959 710 1288 768 dispositionem
1315 712 1503 768 partium

86 781 155 825 vel
188 783 569 840 compositionem,
616 782 689 826 sed
733 783 868 842 quoad
915 785 1044 840 ipsam
1091 792 1218 825 totam
1267 783 1504 826 realitatem.

86 854 234 907 Quare
282 854 542 911 dominium,
586 855 703 913 quod
747 869 910 898 creator
960 856 1002 898 in
1050 870 1142 898 rem
1183 871 1204 897 a
1236 870 1280 898 se
1326 867 1507 898 creatam

83 923 224 981 habet,
257 939 321 969 est
354 926 598 970 dominium
631 927 880 982 absonam,
902 942 987 970 non
1021 940 1165 969 autem
1199 925 1504 969 tantummodo

83 997 302 1041 secundum
333 999 446 1057 quid,
481 1012 545 1042 est
578 999 823 1042 dominium
857 999 1078 1051 essentiale,
1112 1013 1200 1041 non
1234 1010 1378 1041 autem
1402 999 1504 1042 acci-

83 1069 239 1113 dentale
266 1071 340 1127 (2).
374 1097 431 1102 ——
465 1071 580 1114 Cum
615 1072 733 1114 Deus
768 1072 821 1113 sit
856 1071 1058 1114 dominus
1094 1070 1302 1122 hominis,
1339 1080 1507 1113 constat

82 1141 228 1184 Deum
261 1140 414 1185 habere
447 1158 545 1199 erga
579 1142 802 1185 hominem
836 1143 900 1184 ius
935 1142 985 1185 ad
1022 1142 1301 1184 reverentiam
1330 1153 1371 1184 et
1406 1139 1506 1184 obe-

83 1212 310 1257 dientiam:
346 1213 550 1256 dominus
585 1214 701 1256 enim
736 1213 859 1257 habet
894 1215 957 1256 ius
994 1212 1190 1270 exigendi
1225 1230 1244 1256 a
1269 1228 1393 1257 servo
1418 1212 1505 1255 cul-

81 1297 174 1327 tum
206 1296 333 1343 atque
366 1286 605 1328 servitium.
642 1286 739 1328 Hoc
772 1298 915 1328 autem
966 1287 1030 1328 ius
1065 1298 1128 1328 est
1162 1287 1203 1328 in
1237 1286 1332 1329 Deo
1380 1285 1505 1329 abso-

173 1498 226 1544 (1)
254 1498 398 1533 Creatio
427 1498 593 1533 definitur
615 1498 795 1545 productio
823 1511 877 1534 seu
905 1499 1027 1546 effeclio
1054 1511 1094 1534 ex
1130 1499 1248 1535 nihilo.
1277 1500 1399 1535 Voces
1423 1500 1502 1544 hae,

80 1569 120 1593 ex
142 1558 262 1601 nihilo,
289 1567 482 1593 secernunt
509 1559 730 1594 creationem
749 1560 791 1593 ab
810 1559 888 1593 aliis
916 1559 1120 1594 effectionis
1139 1559 1270 1595 modis.
1289 1560 1361 1595 Eae
1379 1569 1504 1596 tamen

79 1627 161 1653 sunt
188 1630 283 1655 recte
309 1619 578 1665 intelligendae.
604 1620 728 1666 Neque
767 1620 863 1654 enirn
893 1619 1098 1666 significant
1137 1619 1290 1653 nihilum
1327 1631 1403 1655 esse
1442 1631 1503 1654 su-

79 1680 252 1722 biectum,
278 1691 320 1714 ex
346 1691 416 1726 quo
445 1691 500 1714 res
541 1680 591 1715 fit:
631 1679 693 1714 sed
733 1680 907 1715 denotant
942 1681 1115 1714 creationi
1141 1679 1230 1714 nihil
1267 1692 1328 1714 seu
1367 1679 1503 1715 nullam

79 1739 228 1774 omnino
255 1739 456 1774 realitatem
484 1741 738 1787 praesupponi‚
768 1752 810 1774 ex
838 1752 904 1786 qua
935 1751 990 1774 res
1016 1740 1088 1775 fiat.
1116 1740 1240 1787 Itaque
1279 1740 1412 1774 creatio
1451 1749 1504 1776 est

77 1798 269 1844 productio
296 1799 355 1842 rei,
385 1811 474 1845 quae
502 1798 604 1833 nullo
632 1799 743 1834 modo
770 1798 977 1834 efformatus
1004 1812 1046 1834 ex
1074 1799 1195 1846 aliquo
1238 1801 1400 1834 subiecto
1439 1810 1503 1834 seu

77 1858 228 1892 materia
254 1867 336 1893 ante
365 1859 476 1904 ipsius
516 1858 792 1905 productionem
832 1860 1019 1894 existente.
1058 1848 1208 1894 Definiri
1246 1860 1356 1894 etiam
1396 1859 1501 1902 solet,

71 1915 249 1964 productio
276 1919 360 1952 entis
385 1917 563 1953 secundum
591 1923 697 1952 totam
723 1929 818 1952 suam
852 1918 1056 1961 realilatem,
1084 1918 1152 1960 vel,
1175 1917 1359 1964 productio
1399 1919 1501 1953 totius

75 1988 148 2021 esse,
173 1976 242 2020 vel,
266 1976 444 2024 productio
475 1979 557 2012 entis
584 1979 786 2024 ιἠᾳιανιίιιηι
813 1990 878 2012 ens.
908 1979 1014 2020 Quae
1055 1979 1189 2020 onmia,
1217 1987 1253 2013 ut
1293 1978 1418 2026 liquet,
1449 1981 1499 2013 si-

77 2036 250 2082 gnificant
275 2037 383 2080 idem,
412 2038 575 2084 quamvis
604 2037 859 2072 diversimode.
896 2040 991 2084 Legi.¹
1029 2049 1057 2072 S.
1097 2040 1354 2085 Augustinmm
1394 2039 1498 2074 Con-

76 2093 158 2130 fess.
185 2096 248 2131 XI.
280 2105 311 2139 5.

169 2155 221 2202 (2)
251 2157 344 2192 «Est
370 2158 467 2192 Deus
494 2158 663 2193 dominus
690 2171 763 2193 non
794 2170 856 2204 pur
881 2161 1060 2202 accidens,
1080 2160 1171 2194 sicut
1191 2160 1349 2195 hominis
1369 2160 1494 2203 homo,

76 2214 137 2249 sed
164 2226 228 2261 per
254 2226 468 2252 naturam.»
494 2219 545 2253 Ita
580 2231 606 2253 s.
634 2219 811 2259 Thomas,
850 2230 975 2255 contra
1015 2230 1109 2266 gent.
1145 2221 1168 2257 1.
1207 2222 1266 2256 III.
1294 2233 1324 2256 c.
1354 2233 1427 2268 119.
1455 2246 1495 2250 —

77 2274 170 2310 Cum
205 2274 408 2311 dominium
443 2279 509 2313 Dei
538 2279 571 2312 in
601 2289 778 2314 creaturas
805 2281 848 2315 sit
876 2281 1058 2322 essentiale,
1085 2280 1167 2314 hinc
1197 2283 1294 2316 Deus
1323 2295 1396 2317 non
1426 2295 1496 2330 po-

73 2341 145 2368 test
171 2346 191 2369 :t
218 2345 254 2369 se
280 2335 367 2370 illud
394 2338 569 2373 abdicare.
598 2339 652 2374 Ad
682 2351 757 2374 rem
786 2341 840 2374 De
869 2341 982 2387 Lugo,
1003 2341 1044 2375 de
1072 2342 1150 2377 iust.
1179 2352 1212 2376 et
1239 2344 1313 2377 iure
1341 2343 1431 2388 disp.
1452 2344 1495 2378 ΙΙ.

75 2402 160 2428 sect.
188 2394 214 2427 Ι.
241 2405 341 2430 1111111.
370 2406 415 2438 4.;
446 2397 590 2438 «Quod
617 2399 731 2434 homo
761 2402 873 2445 possit
902 2401 1106 2437 dominium
1133 2414 1152 2436 a
1187 2414 1224 2436 se
1257 2402 1433 2445 abdicare,
1462 2411 1494 2436 et

73 2452 109 2486 in
135 2452 247 2486 alium
275 2454 478 2498 transferre,
507 2468 581 2490 non
608 2468 659 2491 est
688 2458 875 2504 perfectio,
902 2460 963 2494 sed
992 2460 1219 2506 imperfectio
1263 2462 1426 2503 dominii,
1452 2473 1495 2495 eo

76 2511 172 2556 quod
200 2523 271 2546 non
300 2514 539 2550 essentialiter
565 2516 624 2550 sed
644 2517 911 2553 accidentaliter
937 2521 979 2555 sit
999 2519 1169 2556 dominus
1197 2521 1290 2556 illius
1310 2524 1371 2557 rei.
1399 2522 1496 2555 Deus

75 2581 175 2613 vero,
206 2574 261 2619 qui
289 2574 526 2610 essentialiter
552 2586 603 2611 est
630 2578 809 2619 dominus,
838 2591 910 2613 non
941 2590 1057 2625 potest
1086 2593 1157 2616 non
1185 2594 1261 2618 esse
1287 2584 1497 2619 dominus.»
