1737 2802
665 145 932 175 -201—

83 225 275 271 absolute
311 225 507 284 denegat,
540 226 614 270 sed
648 226 929 272 solummodo
962 226 1100 272 differt
1134 225 1185 270 ad
1219 226 1405 271 futuram
1440 228 1508 272 vi-

81 310 192 342 tam:
226 298 400 342 interim
435 299 476 340 in
510 299 679 342 mortali
730 299 806 342 hac
855 300 940 342 vita
986 298 1153 342 homini
1203 301 1408 357 mysteria
1441 299 1507 343 illa

82 371 286 428 proponit
317 369 581 428 imperfecte,
614 372 657 413 in
691 372 932 428 aenigmate
955 383 995 414 et
1024 387 1099 429 per
1131 370 1276 425 fidem,
1311 371 1505 416 tenenda.

82 442 198 485 Haec
245 454 388 485 autem
437 441 604 485 divinae
653 444 881 500 sapientiae
931 442 1161 500 dispositio
1212 455 1275 485 est
1314 443 1506 501 apprime

81 514 359 566 conveniens,
393 527 486 556 tum
521 513 575 556 ob
609 529 693 567 eas,
715 529 818 571 quas
842 515 925 556 iam
949 514 1187 570 attulimus,
1211 528 1303 556 tum
1343 514 1396 557 ob
1423 529 1505 567 eas,

81 598 184 642 quas
219 583 431 640 addimus,
472 585 671 628 rationeS.

199 657 272 700 Est
319 657 390 714 1.⁰)
434 656 551 700 valde
592 657 867 713 conveniens,
915 657 1032 714 quod
1079 655 1214 699 homo
1267 656 1497 714 perfectam

81 729 390 786 mysteriorum
425 729 718 785 cognitionem
754 728 829 771 sibi
872 741 1193 786 promereatur:
1230 741 1504 786 promeretur

39 835 43 839 .
79 811 223 842 autem
258 814 332 856 per
363 798 508 855 fidem,
540 815 620 856 qua
655 800 854 856 mysteria
899 799 1136 856 aliqualiter
1180 800 1352 856 cognita
1388 812 1505 842 tenet

77 871 258 915 firmiter
290 871 344 914 ob
377 887 593 914 summam
629 872 709 914 Dei
744 871 960 929 loquentis
1005 872 1315 915 auctoritatem.
1355 890 1376 911 ‹<
1411 872 1500 925 Est,

78 941 216 999 inquit
259 957 290 984 s.
325 943 595 998 Augustinus
634 942 719 1000 (1),
767 941 869 985 fides
919 941 1102 999 credere,
1151 942 1267 1001 quod
1301 941 1497 985 nondum

76 1014 217 1058 vides:
252 1015 372 1057 cuius
404 1013 501 1057 fidei
535 1030 698 1057 merces
732 1027 794 1057 est
827 1014 988 1067 videre,
1024 1013 1140 1072 quod
1175 1013 1323 1058 credis,
1365 1014 1504 1057 Tem-

79 1102 184 1147 pore
217 1087 349 1144 igitur
379 1085 477 1130 fidei
511 1099 730 1144 tamquam
778 1100 974 1144 tempore
1017 1088 1221 1130 sementis
1267 1102 1357 1130 non
1393 1085 1505 1129 defi-

77 1161 258 1215 ciamus,
291 1171 331 1202 et
364 1175 499 1217 usque
533 1160 573 1200 in
606 1157 736 1202 finem
769 1174 857 1201 non
891 1158 1157 1213 deficiamus,
1193 1158 1267 1202 sed
1301 1173 1505 1216 perseve-

80 1248 242 1288 remuS‚
274 1231 411 1275 donec
444 1230 561 1288 quod
596 1231 904 1274 seminavimus
940 1243 1169 1273 metamus.
1207 1248 1227 1269 n

197 1305 416 1347 Praeterea
452 1303 529 1360 2.⁰)
563 1316 625 1345 est
658 1319 757 1345 sane
792 1303 1066 1357 conveniens,
1090 1302 1206 1359 quod
1232 1301 1370 1344 homo
1394 1302 1504 1344 sicut

79 1378 121 1420 in
153 1375 329 1419 naturali
364 1374 530 1428 ordine,
581 1376 635 1417 ita
669 1375 709 1416 in
744 1374 893 1417 ordine
936 1374 1249 1431 supernaturali
1294 1372 1497 1430 paulatim

79 1465 125 1492 ac
158 1448 396 1491 successive
431 1462 504 1504 per
537 1446 746 1504 quosdam
792 1445 950 1503 gradus
990 1445 1137 1488 evadat
1182 1444 1410 1502 perfectus.
1448 1469 1505 1477 —

81 1521 127 1564 In
161 1518 340 1563 naturali
373 1519 524 1562 ordine
549 1518 684 1561 homo
710 1530 772 1560 est
797 1518 939 1575 primo
968 1517 1143 1575 quidem
1169 1515 1323 1573 infans,
1349 1515 1501 1559 deinde

82 1605 206 1649 puer,
238 1603 329 1634 tum
365 1591 547 1644 iuvenis,
583 1589 758 1633 demum
792 1591 856 1631 vir
884 1588 1121 1646 perfectus:
1145 1604 1282 1646 neque
1303 1587 1348 1632 id
1371 1587 1505 1647 quoad

81 1672 223 1721 corpus
256 1661 552 1717 solummodo,
571 1661 645 1704 sed
678 1662 805 1704 etiam
828 1660 960 1718 quoad
982 1662 1168 1703 animam.
1196 1660 1500 1714 intellectivam,

82 1750 190 1793 quae
223 1734 381 1777 scilicet
430 1733 723 1776 conditionem
758 1733 968 1789 corporis,
1003 1733 1068 1775 cui
1106 1731 1354 1775 naturaliter
1399 1746 1507 1775 con-

82 1807 238 1851 sociata
270 1818 347 1859 est,
382 1806 588 1864 sequitur.
620 1806 732 1848 Hinc
767 1808 924 1862 passim
952 1803 1237 1860 distinguitur
1272 1802 1510 1847 intellectus

83 1880 238 1938 infans,
275 1878 513 1923 intellectus
546 1879 734 1936 puerilis,
771 1877 1010 1920 intellectus
1043 1876 1234 1919 adultus:
1261 1875 1415 1934 infans,
1438 1876 1511 1933 qui

82 1967 240 2009 nempe
273 1963 336 1994 est
370 1951 412 1993 in
449 1951 638 2008 potentia
668 1949 717 1992 ad
744 1948 1113 2006 cognoscendum,
1136 1948 1331 1990 nondum
1367 1960 1511 1991 tamen

85 2024 126 2065 in
160 2034 301 2065 actum
337 2021 628 2079 cognoscendi
662 2022 840 2064 transiit:
874 2020 1063 2078 puxrilis,
1100 2020 1171 2077 qui
1205 2019 1414 2083 nimirum
1450 2019 1511 2061 in-

85 2094 185 2151 cipit
218 2108 262 2137 se
295 2093 492 2137 evolvere
525 2093 603 2136 sub
638 2093 886 2150 magisterio
933 2108 1006 2134 seu
1043 2091 1266 2148 disciplina
1308 2091 1509 2143 aliorum,

84 2165 241 2223 quibus
275 2165 397 2209 debet
433 2165 519 2210 fere
553 2167 594 2209 in
629 2164 830 2209 omnibus
864 2162 1009 2219 fidere,
1052 2171 1199 2221 oporlet
1246 2162 1351 2205 enim
1383 2160 1511 2204 addi-

82 2248 253 2283 scentem
285 2238 456 2291 credere,
492 2236 556 2282 δεῖ
592 2235 677 2299 γὰρ
722 2236 932 2280 πιστεύειν
976 2233 1049 2278 τὸν
1093 2233 1383 2294 μανθάνωτα
1415 2232 1507 2292 (2):

88 2311 276 2365 adultus,
302 2309 374 2369 qui
405 2309 601 2354 videlicet
624 2307 855 2366 perfectam
881 2306 1005 2350 habet
1034 2306 1274 2362 scientiam,
1298 2305 1510 2348 rationem

86 2398 256 2438 eorum,
281 2398 388 2441 quae
412 2383 528 2440 prius
562 2379 695 2424 ferme
717 2395 768 2422 ex
791 2378 880 2422 sola
908 2378 1160 2420 auctoritate
1183 2374 1368 2432 tenebat,
1391 2373 1514 2433 plene

183 2553 240 2597 (1)
267 2551 382 2586 Serm.
408 2549 525 2585 XLIII
553 2549 595 2583 ab
626 2548 699 2583 init.

184 2612 240 2657 (2)
268 2611 416 2646 Aristot.
445 2610 488 2644 de
514 2608 666 2656 sophist.
692 2605 855 2642 elenchis
886 2617 962 2652 cap.
993 2605 1036 2639 II.
