1737 2802
802 130 1038 173 ...88—

203 226 400 282 exigendi
434 241 455 268 a
487 225 650 269 laesorc
699 239 934 282 congruam
977 225 1157 268 iniuriae
1201 236 1396 282 acceptae
1449 239 1624 283 repara-

202 298 383 339 tionem.
402 320 458 328 —
493 296 579 339 Lex
613 297 727 338 enim
761 295 961 338 naturalis
994 294 1085 338 vult
1104 294 1324 337 iustitiam.
1346 294 1432 339 Sed
1457 294 1627 338 «iusti-

203 368 270 419 tia,
304 367 442 423 inquit
475 381 508 408 s.
543 366 812 422 Augustinus
857 365 932 422 (1),
970 381 1017 408 ea
1069 366 1206 408 virtus
1261 377 1338 418 est,
1394 380 1503 423 quae
1553 380 1628 408 sua

205 440 357 496 cuique
391 437 661 481 distribuit».
699 438 813 494 Ergo
847 437 913 481 lex
945 437 1147 481 naturalis
1188 436 1279 480 vult
1331 451 1631 496 unumquem-

202 525 284 569 que
317 509 470 552 hibere
504 509 623 566 quod
657 524 786 552 suum
820 523 896 562 cst,
944 510 1150 552 nimirum
1205 509 1387 552 retinere
1436 510 1471 552 si
1516 509 1629 552 iuste

202 581 408 640 possidet,
441 582 473 623 si
510 596 612 623 vcro
646 582 802 624 iniuste
835 582 976 624 amisit
1010 596 1275 638 recuperare.
1311 580 1354 624 Si
1388 581 1485 638 quis
1517 596 1553 625 e.
1588 596 1629 639 g.

201 653 359 696 iniuste
394 651 447 695 ob
480 665 696 709 acceptam
732 651 833 695 furti
868 653 1070 695 iniuriam
1098 653 1240 695 amisit
1263 666 1441 710 equum,
1464 653 1529 694 ius
1553 651 1632 694 ha-

202 723 272 767 bet
305 723 499 780 exigendi
534 739 554 765 a
587 723 678 767 fure
712 725 1031 767 restitutionem
1065 724 1178 782 equi,
1215 726 1385 766 necnon
1420 727 1629 782 compen-

203 796 415 838 sationem
451 811 528 853 pro
562 796 670 839 lucro
703 805 873 839 cessante
905 811 981 839 seu
1030 810 1109 853 pro
1160 795 1283 839 bonis
1318 810 1506 853 quorum
1539 796 1629 838 iac-

205 879 345 910 turam
395 882 447 909 ex
491 869 549 910 rei
584 867 693 910 illius
728 867 952 925 demptione
987 880 1050 910 est
1084 882 1263 924 passus:
1299 865 1516 925 siquidem
1564 865 1634 910 illa

205 939 332 982 etiam
366 939 480 981 lucra
512 954 587 982 seu
623 938 732 982 bona
767 952 884 982 erunt
918 954 1008 982 sua.

326 1010 426 1052 Dixi
452 1009 532 1067 2.⁰)
551 1026 667 1065 eum,
688 1011 761 1068 qui
782 1011 982 1053 iniuriam
1006 1025 1155 1068 passus
1175 1022 1255 1062 est,
1281 1009 1435 1053 habere
1457 1010 1524 1053 ius
1547 1010 1632 1053 exi-

205 1081 331 1138 gendi
356 1082 534 1124 iniuriae
558 1083 888 1139 reparationem,
924 1082 964 1124 vi
998 1082 1127 1124 etiam
1150 1080 1326 1139 physica
1349 1081 1391 1124 in
1421 1080 1633 1124 laesorem

207 1152 408 1210 adhibita,
435 1154 469 1195 si
494 1152 654 1197 scilicet
686 1153 824 1197 laesor
857 1153 966 1197 nolit
989 1153 1315 1210 obligationem,
1341 1168 1424 1211 qua
1446 1165 1632 1209 tenetur,

208 1224 364 1268 illatam
384 1225 604 1283 reparandi
622 1227 823 1269 iniuriam
842 1225 1034 1283 implere.
1067 1252 1128 1258 —-
1150 1226 1201 1269 Et
1220 1241 1319 1269 sane
1342 1225 1428 1282 ille,
1451 1227 1524 1283 qui
1557 1225 1632 1268 in-

209 1297 363 1339 iuriam
399 1313 546 1355 passus
582 1310 658 1351 est,
692 1296 817 1343 habet
849 1299 914 1340 ius
949 1298 1263 1355 reparationem
1297 1297 1476 1341 iniuriae
1501 1312 1522 1338 a
1545 1297 1635 1340 lae-

209 1383 307 1410 sore
341 1368 539 1425 exigendi
575 1369 727 1412 mediis
762 1369 841 1411 illis
875 1369 1090 1423 omnibus,
1125 1385 1231 1427 quae
1265 1381 1305 1412 et
1340 1381 1439 1412 sunt
1476 1368 1528 1412 ad
1562 1368 1637 1412 ob-

208 1439 427 1483 tinendam
462 1441 640 1484 iniuriae
679 1442 1079 1499 compensationem
1114 1441 1351 1484 necessaria
1388 1453 1430 1484 θῖ
1463 1441 1640 1498 insuper

210 1512 369 1556 nullius
403 1514 468 1555 ius
501 1512 675 1557 violant.
704 1514 836 1572 Atqui
871 1529 974 1556 usus
1007 1514 1068 1556 vis
1104 1512 1306 1570 physicae
1339 1513 1380 1554 in
1426 1512 1492 1562 iis,
1531 1526 1639 1570 quae

211 1585 516 1642 supponimus,
535 1584 744 1628 adiunctis
778 1597 841 1628 est
876 1586 921 1642 α)
956 1584 1149 1628 medium
1184 1584 1235 1628 ad
1268 1583 1547 1628 obtinendam
1570 1583 1639 1626 in-

211 1657 343 1700 iuriae
398 1658 709 1714 reparationem
758 1657 1080 1712 necessarium,
1129 1656 1432 1714 atque'etiam
1482 1666 1545 1698 est
1586 1652 1639 1713 β)

212 1728 407 1771 medium
456 1728 573 1786 quod
626 1729 785 1772 nullius
839 1729 902 1770 ius
955 1727 1098 1771 violat.
1155 1729 1271 1785 Ergo
1320 1726 1420 1780 ille,
1462 1726 1536 1784 qui
1570 1726 1642 1769 in-

212 1800 365 1843 iuriam
417 1816 566 1858 passus
614 1813 692 1857 est,
740 1801 804 1842 ius
854 1799 977 1843 habet
1027 1800 1117 1857 yim
1157 1798 1386 1858 physicam
1421 1796 1636 1841 adhiben-

213 1871 257 1914 di
305 1872 346 1914 in
399 1871 609 1915 laesorem
663 1870 713 1914 ad
767 1870 882 1925 illud,
918 1870 1036 1929 quod
1083 1885 1213 1913 suum
1248 1882 1337 1923 est,
1377 1881 1642 1926 recuperan-

215 1943 332 1987 dum.
370 1945 514 1987 Minor
547 1944 690 2003 quoad
729 1954 795 1987 15¹¹
816 1943 1062 1987 membrum
1097 1955 1159 1986 est
1193 1943 1444 2000 perspicua:
1479 1955 1642 1997 suppo-

214 2016 359 2058 nimus
392 2017 505 2058 enim
539 2015 764 2072 laesorem,
799 2031 896 2058 cum
932 2015 1085 2073 possit,
1109 2013 1224 2058 nolle
1257 2012 1437 2071 implere
1472 2010 1643 2068 obliga-

214 2087 397 2139 tionem,
417 2103 498 2145 qua
517 2100 700 2141 tenetur,
719 2086 943 2144 reparandi
964 2087 1177 2129 iniuriam.
1214 2083 1375 2138 Quoad
1400 2092 1470 2126 2.“¹
1493 2098 1640 2126 mem-

215 2157 340 2201 brum
375 2159 433 2200 sic
467 2158 685 2216 probatur.
721 2159 765 2202 Si
800 2157 918 2216 quod
952 2158 1017 2200 ius
1050 2155 1300 2211 violaretur,
1335 2155 1418 2198 hoc
1461 2155 1528 2198 ius
1579 2152 1644 2196 fo-

215 2242 280 2273 ret
312 2229 430 2283 illud,
465 2230 582 2288 quod
615 2230 751 2273 laesor
784 2228 969 2286 haberet,
990 2227 1187 2285 exigendi
1222 2243 1274 2270 ne
1309 2227 1370 2269 vis
1404 2225 1582 2284 physica
1606 2225 1645 2268 ei

215 2299 445 2343 inferatur.
483 2301 614 2359 Atqui
649 2301 785 2344 laesor
819 2315 906 2343 non
956 2299 1080 2343 habet
1128 2298 1208 2342 tale
1256 2299 1337 2342 ius.
1389 2297 1562 2355 Etenim
1596 2296 1641 2338 in

315 2581 370 2627 (1)
401 2580 454 2615 De
483 2581 548 2616 civ.
578 2581 650 2615 Dei
678 2580 700 2615 1.
726 2580 823 2614 XIX.
844 2590 874 2613 c.
905 2589 960 2613 21.
