1737 2802
790 118 1050 160 -322-

210 203 476 248 debitoribus
511 200 817 245 condonandas
848 213 1010 259 putant,
1036 202 1062 243 ii
1086 201 1336 259 labefactant
1365 201 1641 259 fundamenta

210 277 475 335 rcipnloelicae;
502 273 759 318 concordiam
793 273 1001 330 primum,
1027 289 1134 330 quae
1157 289 1252 317 esse
1275 289 1362 318 non
1388 286 1544 331 potest,
1570 274 1642 318 ubi

211 350 301 391 aliis
325 347 592 401 adimuntur,
617 344 708 387 aliis
745 344 1047 387 condonantur
1069 346 1289 402 pecuniae:
1318 345 1472 389 deinde
1504 348 1643 405 aequi-

212 431 350 471 tatem,
385 434 492 475 quae
525 416 690 459 tollitur
726 417 885 471 omnis,
921 417 956 458 si
991 415 1143 458 habere
1186 431 1316 458 suum
1350 418 1506 475 cuique
1555 432 1642 461 non

212 494 322 535 licet:
358 490 399 533 id
433 490 549 532 enim
585 501 648 531 est
684 489 909 545 proprium
960 488 1144 529 civitatis
1179 500 1306 544 atque
1356 486 1488 544 urbis,
1522 502 1567 532 ut
1593 491 1644 533 sit
1684 529 1686 531 ,

213 564 335 606 libera
369 571 403 604 et
438 576 517 603 non
552 560 726 603 sollicita
760 574 858 602 suaa
891 560 948 601 rei
971 561 1161 616 cuiusque
1190 559 1385 602 custodia:
1404 576 1426 601 2>
1460 559 1562 604 h.'e.
1598 575 1643 605 ut

214 650 282 685 eo,
319 632 438 689 quod
472 633 654 689 quisque
689 630 766 673 sibi
803 643 916 673 recte
950 631 1192 687 acquisivit,
1221 629 1301 673 frui
1335 643 1464 689 queat
1497 647 1645 677 secure

213 718 253 748 et
288 705 425 763 palam
460 704 552 745 sine
586 715 703 744 metu
740 703 922 759 raptoris
957 714 997 744 et
1037 702 1244 744 invasoris
1280 701 1522 756 cuiuslibet,
1557 705 1645 747 sive

213 776 397 833 raptoris
432 776 503 831 qui
539 789 722 831 persona
757 775 918 830 privata
952 774 1018 826 sit,
1053 774 1142 815 sive
1186 775 1368 830 raptoris
1403 774 1491 832 qui,
1526 762 1646 833 quod

214 849 334 905 peius
368 859 447 902 est,
482 847 533 888 sit
569 860 750 902 persona
780 844 958 902 publica.
998 863 1021 884 «
1041 845 1103 896 Si,
1130 845 1268 902 inquit
1293 860 1325 888 s,
1349 845 1548 889 Thomas
1572 847 1647 903 (1),

214 918 374 976 aliquid
408 918 621 975 principes
657 915 843 958 indebite
878 927 1158 972 extorqueant
1188 931 1262 972 per
1294 916 1561 971 violentiam,
1585 934 1647 960 ra-

216 992 314 1048 pina
348 1002 428 1045 est,
459 989 570 1030 sicut
604 1001 643 1030 et
677 986 1012 1029 latrocinium...
1048 986 1176 1029 Unde
1224 986 1273 1029 ad
1324 988 1646 1032 restitutionem

214 1074 432 1113 tenentur,
469 1061 579 1102 sicut
613 1072 653 1102 et
687 1058 889 1101 latrones:
915 1071 954 1100 et
977 1071 1098 1100 tanto
1123 1059 1296 1114 gravius
1321 1072 1495 1116 peccant
1519 1069 1648 1117 quam

214 1134 418 1185 latrones,
452 1143 614 1189 quanto
650 1130 935 1188 periculosius
971 1142 1011 1172 et
1055 1130 1334 1172 communius
1383 1143 1529 1175 contra
1577 1133 1648 1175 iu-

216 1206 379 1248 stitiam
414 1217 564 1260 agunt,
602 1203 722 1245 cuius
759 1200 959 1244 custodes
995 1214 1095 1244 sunt
1129 1202 1310 1259 positi.»

337 1276 412 1330 2⁰.)
445 1276 644 1331 Insuper,
671 1286 814 1330 potest
837 1288 938 1315 sane
962 1287 1008 1315 ac
1033 1272 1158 1315 debet
1181 1288 1412 1330 supremus
1435 1274 1650 1331 imperans

216 1349 281 1390 ius
316 1348 400 1390 hoc
435 1345 710 1404 proprietatis
729 1345 967 1388 coordinare
991 1343 1047 1386 ad
1071 1343 1221 1387 bonum
1244 1359 1466 1402 commune,
1490 1345 1515 1388 i.
1540 1360 1575 1387 e.
1601 1344 1652 1387 ad

218 1418 432 1476 publicam
458 1419 647 1475 quietem
684 1432 758 1459 seu
789 1416 1119 1474 prosperitatem
1155 1415 1354 1472 dirigere.
1379 1416 1483 1459 Inde
1508 1428 1652 1459 autem

218 1491 338 1548 plura
359 1502 615 1547 sequuntur,
633 1503 740 1543 quae
759 1488 941 1545 principi
961 1487 1075 1529 civili
1093 1488 1290 1544 profecto
1316 1499 1583 1545 competunt:
1603 1504 1654 1530 ex

217 1563 283 1606 his
308 1562 463 1604 iuverit
480 1559 618 1617 aliqua
636 1559 822 1602 breviter
845 1559 1037 1601 innuere.
1056 1583 1113 1590 —
1132 1558 1339 1615 Princeps
1360 1558 1563 1615 politicus
1584 1559 1654 1600 in-

217 1635 329 1678 tuitu
355 1633 455 1675 boni
481 1631 743 1682 communis,
768 1646 815 1673 ac
839 1627 1020 1687 proinde
1043 1645 1094 1671 ex
1119 1645 1243 1672 causa
1267 1629 1379 1671 iusta
1402 1630 1584 1673 omnino
1607 1645 1653 1672 ac

220 1703 480 1755 rationabili,
503 1715 644 1760 potest
667 1714 852 1744 statuere
876 1700 1031 1757 legales
1058 1699 1237 1752 formas,
1265 1715 1372 1756 quae
1396 1700 1430 1742 si
1453 1700 1496 1742 in
1521 1714 1654 1743 occu-

218 1777 390 1834 patione
425 1787 496 1817 aut
542 1774 704 1816 mutuis
755 1771 1044 1814 contractibus
1088 1785 1176 1813 non
1225 1782 1467 1824 serventur,
1503 1771 1588 1812 iam
1624 1771 1653 1813 ii

218 1861 336 1892 actus
371 1849 454 1889 sint
487 1846 619 1888 illiciti
655 1857 779 1902 atque
801 1845 930 1887 etiam
966 1841 1140 1885 invalidi
1175 1841 1226 1885 ad
1251 1842 1309 1884 rei
1345 1842 1654 1899 proprietatem

218 1919 521 1978 acquirendam
546 1920 618 1974 (2).
640 1943 695 1950 --
715 1918 842 1968 Item,
881 1916 915 1957 si
950 1915 1098 1972 privati
1132 1914 1309 1957 alicuius
1335 1913 1586 1958 dominium
1612 1914 1656 1956 in

220 2000 310 2035 rem
345 1991 545 2047 aliquam,
580 1990 656 2031 etsi
692 1988 888 2045 legitimo
924 1988 1008 2028 iam
1043 1985 1155 2028 facto
1200 1986 1476 2043 acquisitum,
1511 1985 1654 2028 veniat

220 2065 261 2106 in
299 2062 546 2105 conflictum
580 2076 678 2102 cum
703 2059 819 2102 bono
855 2058 1095 2112 communi,
1120 2069 1262 2114 potest
1286 2055 1340 2099 ob
1364 2057 1523 2099 iustam
1548 2055 1657 2099 hanc

317 2340 366 2379 (i)
400 2339 432 2370 lu
466 2348 495 2370 2,
526 2347 555 2370 2.
585 2349 615 2381 q.
643 2334 699 2369 66.
728 2347 758 2368 a.
787 2334 819 2367 8.
848 2333 890 2366 all
921 2338 973 2376 3¹¹¹.

321 2398 374 2439 (Δ)
404 2397 451 2430 L‘t
480 2398 549 2429 ²am
580 2396 735 2428 diximus
763 2394 797 2426 in
825 2392 916 2426 tliesi
944 2391 1123 2431 XXVIR,
1152 2400 1233 2424 sunt
1261 2390 1491 2424 conditiones
1519 2389 1656 2432 exipso

222 2456 372 2490 naturali
403 2457 474 2488 {zue
503 2455 726 2488 utccssariae
755 2453 798 2486 ai
827 2450 1050 2485 validitatem
1079 2459 1345 2484 contractuum.
1366 2450 1430 2483 His
1459 2448 1656 2482 auctoritas

223 2515 368 2549 50:121ss
398 2524 512 2558 pices:
544 2514 672 2546 adiere
709 2511 940 2544 conditiones
979 2509 1078 2550 alias,
1106 2520 1197 2554 quae
1223 2518 1261 2542 ut
1301 2507 1477 2542 addantur
1517 2507 1657 2540 bonum

226 2586 423 2609 comittunt>
453 2575 569 2617 castigat
601 2573 655 2606 *scl
686 2571 844 2604 uult-ar.
