1737 2802
688 179 955 222 -233-.-·

99 276 182 322 est,
214 279 266 308 an
298 263 450 321 aliquis
483 262 526 306 in
558 261 753 306 futurum
778 262 1015 305 consentiat
1037 260 1080 303 in
1113 270 1350 316 peccatum:
1375 269 1528 315 potens

101 348 170 381 est
201 335 318 380 enim
350 336 470 379 Deus
503 334 743 392 hominem,
777 348 1047 393 quacumque
1090 331 1329 375 tentatione
1376 345 1534 388 super-

102 408 315 465 veniente,
347 406 524 450 liberare
560 423 581 450 a
617 419 804 465 peccato.
824 424 846 446 »
884 396 935 448 Et
967 393 1049 448 alio
1081 403 1181 447 loco
1218 404 1293 461 (1),
1339 420 1360 444 «
1393 401 1535 455 saluti,

105 478 264 537 inquit,
311 477 519 536 spirituali
569 493 740 536 semper
787 488 929 535 potest
965 475 1085 519 aliter
1134 473 1365 527 subveniri,
1400 487 1531 532 quam

105 565 180 609 per
212 549 395 593 membri
430 550 738 607 praecisionem
774 548 1008 608 (itemque,
1040 561 1166 606 qnam
1197 554 1271 604 per
1303 547 1411 589 vitae
1457 544 1531 588 de-

105 622 399 678 structionem);
434 622 533 679 quia
567 633 791 679 peccatum
826 619 1017 664 subiacet
1051 617 1318 661 voluntati.»

225 693 265 748 ζ)
317 693 519 751 Princeps
570 692 704 735 civilis
759 703 901 750 potest
954 689 1148 734 occidere
1201 687 1538 732 malefactorem.

110 765 228 822 Ergo
261 765 389 808 etiam
423 765 631 822 seipsum,
665 765 700 807 si
733 762 811 806 sibi
846 774 1027 819 constet,
1060 777 1106 804 se
1139 777 1232 805 esse
1276 759 1533 803 malefacto-

108 851 214 880 rem.
247 861 305 870 —
336 836 530 880 Adverto
565 837 764 894 inprimis
815 835 923 878 hanc
955 834 1112 878 thesim
1147 849 1198 877 eo
1233 832 1406 891 proprie
1438 847 1538 889 spe-

107 920 234 966 ctare,
268 920 314 950 ut
346 906 543 951 ostendat
577 908 800 950 neminem
835 906 1050 964 privatum
1085 920 1212 963 posse
1239 905 1407 962 privata
1454 917 1532 947 sua

106 981 353 1024 auctoritate
387 979 465 1022 sibi
499 992 687 1022 mortem
722 978 890 1022 inferre.
927 978 975 1021 Id
1023 992 1144 1035 ergo,
1177 976 1294 1035 quod
1328 975 1542 1032 obiicitur,

109 1067 197 1096 non
230 1064 294 1096 est
328 1052 500 1110 proprie
534 1064 680 1094 contra
728 1050 833 1093 hanc
878 1049 1051 1093 thesim:
1099 1048 1314 1107 siquidem
1358 1048 1541 1106 princeps

107 1126 263 1182 civilis,
291 1126 363 1183 qui
397 1124 447 1167 ad
483 1139 667 1182 poenam
702 1122 752 1166 de
788 1122 1038 1181 perpetratis
1067 1119 1315 1164 criminibus
1338 1118 1540 1162 luendam

111 1213 157 1241 se
204 1195 476 1253 interficeret,
517 1195 557 1238 id
606 1194 760 1238 faceret
808 1194 1059 1237 auctoritate
1107 1208 1194 1235 non
1242 1192 1417 1250 privata,
1466 1193 1542 1233 sed

107 1267 286 1328 publica.
319 1267 439 1312 Idem
473 1266 703 1311 dicendum
739 1279 803 1309 est
837 1265 888 1309 de
923 1265 1194 1323 quaestione,
1229 1278 1356 1321 quam
1396 1262 1542 1305 statim

113 1338 425 1393 subnectimus,
460 1352 607 1383 utrum
646 1354 742 1382 reus
793 1338 842 1382 ad
893 1350 1078 1381 mortem
1129 1337 1354 1381 damnatus
1403 1335 1542 1394 possit

111 1412 204 1470 ipse
235 1412 278 1455 in
311 1427 357 1455 se
384 1424 586 1454 statutam
621 1426 805 1469 poenam
831 1411 1024 1468 exsequi,
1050 1425 1137 1453 non
1161 1409 1336 1468 quidem
1361 1407 1540 1467 proprio

111 1483 303 1541 arbitrio,
336 1482 410 1527 sed
443 1499 494 1526 ex
528 1483 840 1526 commissione
888 1481 1041 1526 iudicis
1089 1498 1135 1525 ac
1168 1481 1349 1539 proinde
1386 1497 1437 1524 ex
1463 1488 1542 1538 pu-

115 1555 219 1599 blica
251 1555 517 1598 auctoritate.
554 1558 678 1599 Iuvat
710 1566 853 1596 tamen
878 1552 951 1596 has
986 1553 1115 1596 etiam
1151 1552 1423 1610 quaestiones
1448 1549 1542 1593 bre-

112 1628 222 1671 viter
253 1627 482 1684 attingere,
516 1639 609 1669 tum
644 1625 695 1669 ad
730 1624 1067 1668 confirmandam
1091 1624 1249 1668 thesim
1284 1627 1400 1678 (cum
1424 1621 1541 1666 enim

112 1699 342 1757 responsio
391 1699 444 1741 sit
477 1714 555 1756 pro
604 1710 788 1755 utroque
838 1712 934 1739 casu
987 1697 1189 1753 negativa,
1233 1705 1541 1751 argumentum

115 1768 322 1813 habemus
355 1784 381 1812 a
404 1769 613 1827 fortiori),
648 1782 741 1811 tum
777 1768 904 1811 etiam
938 1766 989 1810 ad
1023 1767 1255 1823 rationum,
1289 1781 1393 1824 quas
1428 1777 1543 1808 attu-

114 1842 259 1896 limus,
287 1842 376 1885 vim
412 1857 456 1884 ac
490 1856 665 1885 sensum
700 1841 838 1898 magis
873 1839 1111 1897 clariusque
1145 1837 1484 1894 intelligendum.

235 1912 304 1959 Ad
352 1915 534 1972 primam
583 1913 878 1971 quaestionem
928 1912 988 1954 sic
1042 1910 1274 1968 respondet
1327 1908 1542 1966 angelicus

117 1987 285 2030 Doctor
319 1986 404 2045 (2):
446 2004 465 2027 «
490 1985 578 2039 Ille,
603 1986 676 2043 qui
710 1983 833 2028 habet
868 1983 1079 2042 publicam
1105 1994 1377 2040 potestatem,
1401 1992 1546 2039 potest

115 2057 229 2101 licite
262 2056 580 2101 malefactorem
605 2055 814 2112 occidere,
839 2070 912 2113 per
946 2054 1029 2097 hoc
1062 2052 1182 2112 quod
1205 2064 1347 2111 potest
1373 2051 1423 2095 de
1448 2052 1543 2109 ipso

116 2129 316 2175 iudicare.
349 2128 506 2174 Nullus
555 2141 699 2171 autem
734 2140 796 2170 est
830 2125 959 2169 iudex
1010 2126 1230 2184 suiipsius,
1280 2123 1406 2168 Unde
1457 2139 1547 2167 non

117 2204 215 2249 licet
234 2200 402 2245 habenti
425 2199 641 2258 publicam
668 2211 924 2257 potestatem
947 2198 1139 2255 seipsum
1159 2195 1353 2239 occidere
1372 2208 1549 2254 propter

118 2275 425 2336 quodcumque
475 2285 710 2330 peccatum.
760 2271 881 2314 Licet
929 2283 1072 2313 tamen
1107 2270 1145 2312 ei
1179 2285 1222 2312 se
1271 2269 1547 2312 committere

105 2347 284 2392 'iudicio
319 2344 554 2387 aliorum.»

214 2531 268 2578 (1)
294 2531 334 2565 In
362 2541 392 2565 2.
420 2541 452 2565 2.
479 2542 511 2577 q.
537 2528 594 2571 65.
621 2540 652 2564 a.
681 2539 708 2564 1.
736 2528 780 2562 ad
812 2534 863 2570 3¹³.
887 2548 936 2555 —
955 2527 1037 2562 Non
1064 2527 1271 2574 inquinatur
1296 2538 1438 2574 corpus,
1458 2526 1549 2561 dixit

120 2598 276 2637 tyranno
303 2600 330 2624 s.
357 2589 478 2634 Lucia,
503 2587 575 2622 nisi
602 2587 644 2622 de
672 2598 854 2622 consensu
882 2587 1027 2622 mentis.

219 2649 274 2696 (2)
300 2650 387 2685 Loc.
415 2650 473 2684 cit.
501 2647 544 2683 ad
573 2655 627 2682 2¹¹².
