1737 2802
791 167 1029 222 -46-

183 262 407 305 dividitur.
433 262 505 304 Est
528 261 687 304 iustitia
706 259 922 318 generalis,
957 274 1065 317 quae
1090 269 1132 301 et
1155 257 1295 316 legalis
1327 256 1496 302 dicitur:
1519 255 1623 302 huic

183 333 426 389 opponitur
458 332 661 374 iniustitia
694 330 877 388 illegalis.
913 329 987 374 Est
1023 328 1183 372 iustitia
1205 327 1489 387 particular1‘5,
1512 343 1623 387 quae

189 406 236 446 *in
271 403 578 448 distributivam
611 414 651 445 ct
684 402 1020 446 commutativam
1058 399 1357 444 subdividitur:
1401 398 1502 444 huic
1543 414 1619 458 op·

196 478 368 535 ponitur
401 474 610 518 iniustitia
638 473 911 532 particularis
959 471 1233 516 distributiva
1279 469 1347 515 vel
1392 477 1625 516 commuta-

195 549 277 591 [ἱνα
310 548 387 604 (1).
422 547 504 589 Eae
527 546 660 598 enim,
687 556 732 587 ut
755 545 924 602 saepius
959 543 1121 588 dictum
1155 554 1233 597 est,
1257 554 1355 586 sunt
1386 541 1622 590 subiectivae

194 633 333 678 partes
366 618 534 661 virtutis
568 617 766 660 iustitiae.
791 617 852 660 Ex
887 616 951 659 his
985 627 1127 660 autem
1162 616 1289 659 variis
1313 615 1497 659 iustitiae
1521 629 1623 673 par-

197 691 308 736 iibus
343 689 426 744 illa,
462 690 504 732 in
539 704 620 746 qua
654 686 840 746 perfecta
873 688 1057 731 iustitiae
1091 688 1201 731 ratio
1235 684 1400 745 (quoad
1431 685 1620 745 aequali-

195 772 332 815 tatem,
365 762 625 817 alteritatem,
659 759 860 818 debitum)
895 759 1060 818 plenius
1094 758 1326 811 invenitur,
1359 769 1438 815 est,
1470 769 1518 801 ut
1551 773 1622 816 pa—

199 837 299 878 riter
331 849 453 890 saepe
503 832 704 885 diximus,
748 832 908 875 iustitia
955 831 1264 875 commutativa.
1316 830 1443 881 Quae
1490 829 1622 873 simili

199 905 332 948 modo
365 903 505 946 valent
539 902 590 946 de
634 902 845 946 iniustitia
889 903 1197 946 commutativa:
1232 900 1335 944 haec
1382 912 1446 944 est
1492 915 1622 944 sensu

199 977 334 1033 magis
368 977 519 1018 stricto
553 991 599 1018 ac
646 990 796 1033 presso
830 974 1053 1017 iniustitia.
1102 974 1217 1016 Hinc
1249 971 1295 1016 fit
1336 985 1383 1016 ut
1429 971 1623 1016 officium

197 1047 427 1091 juridicum
462 1061 589 1089 sensu
623 1046 772 1089 stricto
806 1061 851 1089 ac
875 1059 1025 1104 presso
1059 1045 1113 1088 sit
1146 1043 1271 1100 illud,·
1293 1044 1413 1087 cuius
1445 1043 1624 1088 violatio

199 1131 261 1162 est
295 1119 416 1162 laesio
465 1119 641 1161 institiae
685 1118 1013 1170 commutativae‚
1048 1132 1123 1160 seu
1169 1128 1232 1159 est
1279 1114 1472 1159 infractio
1519 1115 1625 1160 iuris

191 1191 264 1235 *vel
296 1191 395 1234 iusti
428 1189 559 1242 illius,
584 1188 702 1248 quod
724 1200 787 1233 est
821 1189 1045 1246 proprium
1069 1188 1254 1232 iustitiae
1287 1187 1622 1231 commutativae

198 1263 427 1307 obiectum.-
451 1262 636 1316 boevius,
671 1262 791 1304 cuius
815 1260 994 1304 violatio
1028 1273 1092 1304 est
1113 1275 1230 1304 sensu
1263 1260 1398 1304 stricto
1424 1273 1470 1303 ac
1488 1265 1625 1317 presso

188 1336 402 1378 :iniustitia
425 1349 491 1377 seu-
516 1334 687 1377 iniuria.
711 1333 779 1377 Sic
802 1348 837 1376 e.
860 1348 899 1389 g.
925 1332 1069 1376 stricte
1093 1330 1323 1375 iuridicum
1347 1342 1410 1374 est
1432 1329 1624 1374 officium

197 1421 284 1449 non
307 1405 500 1449 laedendi
534 1406 782 1463 proximum
817 1405 859 1446 in
892 1403 1015 1447 bonis
1049 1404 1137 1447 suis
1171 1404 1259 1446 sive
1293 1401 1506 1454 fortunae,
1532 1402 1624 1446 sive

198 1478 377 1521 honoris
411 1489 452 1520 et
486 1475 638 1534 famae,
670 1477 759 1520 sive
792 1476 902 1519 vitae
935 1487 975 1519 et
1008 1475 1218 1533 corporis.

317 1550 499 1592 Dmsro
533 1549 604 1592 ΙΙΙ.
655 1547 764 1591 Illud
807 1547 936 1591 tertio
985 1546 1083 1590 loco
1130 1545 1475 1604 consideremus,
1507 1544 1627 1604 quod

188 1632 263 1662 -est
296 1634 349 1662 ex
383 1618 527 1662 officio
560 1618 878 1676 praestandum,
911 1618 936 1662 i.
971 1633 1007 1661 e.
1041 1615 1170 1661 officii
1205 1619 1420 1662 materiam
1450 1629 1627 1676 ,specte-

192 1707 309 1736 zmus.
347 1718 398 1724 —
436 1693 552 1734 Haec
585 1691 762 1734 materia
795 1703 860 1733 est
893 1687 960 1734 vel
994 1688 1154 1747 aliquid
1203 1690 1328 1734 active
1374 1688 1628 1748 ponendum

191 1763 267 1807 ¹<vel
316 1763 472 1822 aliquid
522 1764 707 1820 negative
757 1760 1063 1805 omittendum.
1098 1761 1142 1805 Si
1191 1761 1397 1818 primum,
1431 1757 1628 1803 officium

191 1834 406 1878 :habemus
439 1834 761 1892 affirmativum:
795 1833 863 1875 sin
899 1831 1077 1875 alterurn
1112 1830 1307 1875 officium
1341 1842 1476 1874 exstat
1509 1844 1631 1888 nega-

188 1908 346 1950 rivum.
382 1907 452 1949 Sic
485 1922 518 1950 e.
554 1921 593 1962 g.
639 1903 943 1948 affirmativum
991 1915 1054 1947 est
1103 1901 1295 1947 officium
1345 1900 1628 1946 subveniendi

192 1978 415 2035 proximo:
448 1977 697 2034 negativum
731 1991 833 2019 vero
867 1988 931 2018 est
965 1973 1158 2018 officium
1192 1988 1278 2017 non
1310 1971 1495 2017 nocendi
1517 1987 1628 2030 pro-

200 2063 333 2092 ximo.

300 2270 356 2315 (1)
382 2270 437 2305 Ad
466 2281 541 2304 rem
570 2281 595 2304 s.
624 2268 708 2310 Th„
738 2278 772 2305 2.
802 2277 834 2303 2.
862 2280 896 2315 q.
930 2277 982 2313 59.
1012 2278 1042 2302 a.
1076 2277 1115 2301 1.:
1148 2281 1165 2297 «
1184 2266 1360 2302 Iniustitia
1397 2275 1451 2302 est
1487 2264 1634 2312 duplex.

192 2328 281 2364 'Una
306 2328 452 2375 quidem
479 2328 635 2374 illegalis,
663 2338 754 2374 quae
781 2327 981 2373 opponitur
1008 2326 1116 2372 legali
1156 2325 1361 2362 iustitiae....
1388 2324 1474 2359 Alio
1515 2324 1631 2359 modo

193 2388 328 2423 dicitur
356 2388 529 2423 iniustitia
568 2387 767 2422 secundum
808 2386 1104 2434 inaequalitatem
1139 2384 1337 2432 quamdam
1376 2383 1419 2419 ad
1459 2384 1630 2421 alterum.

198 2458 305 2493 prout
332 2447 466 2483 scilicet
493 2448 609 2482 horno
638 2448 715 2482 vult
741 2446 875 2481 habere
902 2445 982 2492 plus
1009 2445 1053 2479 de
1080 2446 1198 2487 bonis,
1226 2454 1310 2490 puta
1338 2443 1470 2478 divitiis
1498 2452 1531 2478 et
1557 2442 1630 2476 ho-

203 2507 364 2550 noribus,
389 2514 421 2542 et
449 2506 569 2541 minus
597 2505 639 2540 de
667 2506 784 2548 malis,
812 2514 898 2551 puta
925 2504 1111 2540 laboribus
1139 2512 1174 2538 et
1200 2503 1352 2545 damni53
1380 2511 1414 2537 et
1444 2501 1497 2537 sic
1531 2501 1632 2536 iniu-

201 2567 296 2601 stitia
327 2566 433 2601 habet
464 2566 653 2600 materiam
679 2565 889 2611 specialem,
917 2573 950 2599 et
978 2572 1029 2599 est
1053 2564 1268 2611 particulare
1306 2562 1435 2598 vitium
1473 2560 1634 2596 iustitiae

198 2627 407 2674 particulari
435 2626 693 2674 oppositum.»
