1737 2802
76 229 126 259 se
157 213 311 257 iisdem
344 213 387 255 in
427 212 641 256 adiunctis
689 224 946 270 potestatem
996 211 1207 255 moralem
1240 211 1394 256 habere
1443 229 1509 258 re-

76 284 241 329 nuendi
273 283 380 328 Caio
429 298 559 326 usum
608 283 720 338 equi.
778 282 1041 325 «Potranno
1088 281 1237 339 talora,
1285 283 1346 325 sic
1393 282 1508 327 idem

75 369 229 402 auctor
263 355 346 399 alio
378 354 475 400 loco
507 354 579 413 (Ι)
613 353 797 408 disserit,
841 352 1052 397 amendue
1085 354 1097 395 i
1130 353 1314 409 litiganti
1359 367 1508 398 vantar

73 428 224 486 dirimi,
257 444 279 472 e
312 427 426 471 forse
459 426 592 470 anche
625 427 895 484 persuadersi
929 425 970 469 di
1007 425 1156 478 averli,
1189 441 1211 468 e
1244 426 1504 484 persuader-

77 515 179 544 sene
212 514 288 558 per
320 499 548 542 innocente
583 513 741 556 errore3
775 514 797 542 e
830 497 960 541 allora
991 512 1066 555 per
1108 514 1166 540 un
1217 497 1328 541 cotal
1376 497 1507 542 dritto

70 579 312 630 apparente,
347 569 424 613 che
471 585 594 613 nasce
643 569 736 613 dall’
756 569 906 612 ordine
954 570 1074 625 logico
1122 568 1232 612 nella
1282 567 1506 614 coscienza

75 655 258 694 erronea,
292 641 385 684 sara
431 639 526 683 loro
570 639 695 683 lecito
746 639 1050 697 praticamente
1098 638 1243 682 l'urto
1293 638 1506 684 scambie-

71 710 174 754 vole
207 710 292 769 (2).
325 711 397 754 Ma
429 710 456 753 il
491 709 624 753 dritto
656 710 780 764 reale,
817 709 896 752 che
930 724 1054 752 nasce
1089 708 1184 751 dall’
1205 708 1356 752 ordine
1403 709 1502 754 delle

68 797 158 828 cose
205 798 227 826 e
259 797 348 826 non
382 781 479 825 delia
512 781 610 837 idea,
642 795 730 823 non
764 782 887 838 potr-21
922 781 1004 823 mai
1038 780 1233 822 assistere
1276 780 1328 823 ad
1376 781 1499 825 ambe

72 853 111 898 le
144 855 251 912 parti
283 869 409 898 senza
441 867 525 896 una
568 851 888 895 contradizione
936 850 1174 895 manifesta:
1224 851 1500 909 imperocche

70 941 118 970 se
150 927 192 970 io
227 926 284 969 ho
318 924 450 969 dritto
483 940 506 967 a
538 925 719 982 ripetere
753 939 836 966 una
869 923 1202 977 soddisfazione‚
1228 924 1369 982 perch&
1404 940 1501 982 qne-

66 1006 135 1042 sta
167 998 185 1040 ἑ
215 998 359 1041 voluta
391 996 489 1040 dall'
505 996 644 1040 ordine
675 995 761 1052 (nel
794 994 870 1038 che
895 996 1080 1038 consiste
1115 995 1141 1037 il
1176 995 1336 1054 drino),
1364 997 1386 1038 ὲ
1410 997 1500 1040 im-

72 1067 277 1128 possibile
311 1067 388 1111 che
420 1067 444 1110 l'
466 1067 616 1110 ordine
648 1067 791 1124 voglia
825 1066 901 1110 che
923 1067 995 1110 voi
1032 1083 1098 1109 me
1124 1066 1162 1108 la
1194 1067 1405 1112 ricusiate:
1431 1068 1498 1111 al-

66 1140 262 1183 trimenti
294 1138 320 1181 l'
340 1138 492 1182 ordine
526 1138 715 1182 vorrebhe
750 1154 771 1181 e
805 1137 1066 1181 dis-vorrebbe.
1090 1156 1110 1176 >›
1150 1139 1281 1182 Recte
1315 1140 1498 1183 omnino

69 1209 117 1253 fit
165 1210 384 1253 distinctio
432 1209 536 1253 haec
583 1210 692 1252 inter
726 1209 834 1252 duos
883 1208 1070 1262 ordines,
1105 1209 1374 1266 ontologicnm
1416 1226 1491 1254 seu

66 1281 233 1333 realem,
268 1281 310 1323 in
357 1295 445 1338 quo
493 1281 687 1323 nosius
722 1293 980 1338 spectamus,
1023 1293 1149 1337 atque
1198 1281 1368 1337 logicum
1418 1297 1496 1326 seu

68 1352 296 1406 mentalem,
329 1352 372 1394 in
405 1367 492 1409 quo
526 1350 580 1394 ob
615 1351 789 1394 humani
815 1351 1054 1394 intellectus
1088 1349 1381 1395 infirmitatem
1405 1369 1492 1411 po-

64 1435 151 1467 test
181 1423 276 1480 quis
309 1421 607 1465 invincibiliter
630 1437 768 1465 errare
792 1435 832 1465 et
865 1424 1046 1480 practice
1071 1422 1391 1481 prudenterque
1425 1425 1493 1467 iu-

67 1492 222 1547 dicare,
254 1509 299 1536 se
332 1492 484 1536 habere
518 1494 602 1545 ius,
637 1508 735 1535 cum
783 1506 924 1536 tamen
958 1494 1023 1536 ius
1058 1510 1154 1537 vere
1190 1503 1255 1536 et·
1278 1510 1328 1537 ex
1377 1507 1497 1552 parte

65 1566 128 1608 rei
161 1579 250 1608 non
284 1563 446 1608 habeat.

184 1635 260 1679 III.
295 1635 409 1679 Cum
442 1636 486 1677 in
534 1650 585 1678 eo
633 1634 832 1678 conflictu
882 1651 1016 1678 unum
1066 1635 1372 1679 tantummodo
1427 1638 1494 1680 ius

63 1721 214 1764 reapse
246 1718 286 1750 et
318 1707 362 1749 in
395 1718 488 1749 actu
532 1705 722 1749 secundo
771 1719 946 1764 perstet3
994 1709 1229 1765 quaerenti,
1277 1707 1482 1766 quidnam

64 1793 169 1835 ergo
203 1778 258 1820 sit
291 1777 341 1821 de
375 1793 426 1820 eo
462 1777 661 1821 conflictu
696 1778 1158 1836 sentiendum‚quidve
1192 1780 1234 1821 in
1268 1794 1319 1821 eo
1353 1795 1488 1837 agen-

61 1847 185 1906 dum,
218 1849 279 1892 sic
311 1848 434 1892 debet
467 1849 663 1907 inprimis
698 1849 981 1907 responderi:
1017 1851 1224 1893 rationein
1272 1866 1364 1894 esse
1407 1851 1486 1893 ha-

159 2096 211 2141 (1)
235 2097 379 2142 Nempe
407 2097 442 2130 in
471 2097 594 2132 adnot.
621 2097 775 2134 XLVII
816 2098 859 2131 ad
887 2098 1034 2134 dissert.
1061 2099 1118 2133 cit.

157 2156 211 2202 (2)
239 2157 318 2191 Huc
346 2155 431 2192 facit
458 2157 504 2200 id,
533 2158 631 2204 quod
669 2158 804 2203 passim
834 2158 965 2193 docent
999 2169 1176 2194 auctores.
1217 2159 1350 2194 bellum
1391 2171 1496 2207 posse

59 2226 106 2250 ex
133 2224 283 2261 utraque
310 2225 408 2262 parte
437 2228 513 2251 esse
543 2217 676 2251 iustum
701 2216 902 2262 formaliter
941 2222 1090 2259 tantum,
1118 2230 1192 2252 non
1231 2227 1350 2253 autem
1390 2230 1495 2265 posse

63 2285 106 2309 ex
133 2283 282 2321 utraque
310 2284 408 2320 parte
435 2287 514 2310 esse
542 2276 675 2310 iustum
710 2276 810 2310 etiam
854 2277 1088 2311 materialiter.
1120 2279 1226 2312 Ratio
1265 2279 1393 2324 prioris
1432 2288 1495 2321 est,

63 2331 146 2378 quia
171 2332 214 2366 ad
243 2332 276 2366 id
306 2333 447 2376 sufficit,
475 2342 513 2368 ut
548 2335 587 2376 is,
615 2335 673 2380 qui
712 2334 847 2369 bellum
889 2336 993 2379 gerit,
1037 2337 1230 2382 prudenter
1269 2347 1302 2372 et
1340 2339 1497 2384 practice

59 2389 197 2426 iudicet
224 2402 262 2426 se
290 2392 425 2426 habere
455 2394 510 2427 ius
536 2392 685 2439 gerendi
717 2392 865 2428 bellum.
892 2394 998 2429 Ratio
1025 2395 1172 2430 alterius
1199 2404 1265 2438 est,
1293 2397 1375 2443 quia
1402 2396 1445 2431 ad
1462 2396 1496 2430 id

63 2449 212 2496 insuper
238 2452 438 2498 requiritur,
464 2462 502 2488 ut
530 2454 582 2487 ius
607 2464 685 2487 vere
712 2462 746 2488 et
773 2466 813 2488 ex
834 2459 934 2500 parta
966 2455 1020 2489 rei
1055 2456 1192 2498 existat,
1217 2467 1291 2490 non
1333 2465 1495 2491 tantum-

63 2508 176 2543 modo
220 2509 256 2544 in
298 2511 500 2546 conscientia
536 2512 682 2558 gerentis
720 2511 854 2546 bellum.
895 2512 949 2549 Cf.
988 2514 1184 2558 Becanum,
1224 2515 1336 2550 theol.
1379 2515 1496 2552 scho1.

62 2576 156 2613 part.
184 2568 243 2604 111.
271 2577 374 2605 tract.
406 2581 433 2605 1.
461 2571 504 2605 de
530 2571 649 2606 virtut.
679 2582 755 2617 cap.
782 2571 898 2606 XXV.
926 2585 957 2619 q.
986 2582 1018 2617 7.
