1737 2802
804 144 861 152 -.
899 132 981 174 154
1014 143 1070 151 —

224 218 340 275 ritate
364 229 402 258 et
427 216 466 256 in
492 214 650 257 iudicio
675 226 714 256 et
739 215 779 256 in
805 214 1014 256 iustitia.»
1042 213 1168 266 Quae
1191 213 1234 255 in
1256 211 1384 256 verba
1407 213 1461 255 ita
1484 228 1516 255 s.
1537 213 1642 257 Hie-

222 302 443 345 ronymus:
483 305 502 325 «
523 285 980 339 Animadvertendum,
1003 284 1120 342 quod
1145 285 1435 328 iuramentum
1459 284 1540 328 hos
1564 284 1638 328 ha-

223 360 315 403 beat
350 360 543 412 comites,
568 362 780 401 veritatem
815 370 854 401 et
886 357 1083 400 indicium
1105 369 1145 400 et
1179 358 1395 401 iustitiam.
1415 375 1437 397 »
1466 357 1523 400 Hi
1547 372 1650 400 sane

223 432 403 474 comites
437 431 477 473 in
512 431 631 473 omni
666 431 905 472 iuramento
938 442 978 472 et
1010 430 1274 487 requiruntur
1306 440 1347 472 et
1379 428 1596 486 sufficiunt.

343 502 443 545 Dixi
482 502 552 558 1⁰.)
586 500 702 559 quod
742 502 769 544 ii
803 501 981 544 comites
1033 501 1324 557 requiruntur.
1357 526 1413 531 ——
1448 500 1500 543 Et
1548 515 1647 542 sane

225 575 454 631 requiritur
489 572 770 630 proculdubio
805 574 968 615 veritas.
995 571 1166 615 Scilicet
1191 572 1231 614 in
1257 572 1376 614 omni
1402 572 1645 614 iuramento

222 647 435 688 asser-torio
460 643 663 687 debemus
688 642 792 686 illud
815 642 1119 686 tantummodo
1143 641 1366 696 affirmare,
1386 642 1504 700 quod
1528 654 1645 685 certo

224 718 383 758 scimus
428 731 519 759 esse
562 731 728 771 verum,
761 728 801 757 et
849 715 891 757 in
927 714 1047 756 omni
1097 715 1338 756 iuramento
1384 715 1649 772 promissorio

224 787 428 831 debemus
462 786 565 830 illud
599 785 902 829 tantummodo
939 786 1205 843 promittere,
1230 785 1347 843 quod
1376 786 1540 828 sincere
1571 800 1647 828 vo-

222 859 366 902 lumus
403 859 592 916 implere.
629 859 745 901 Haec
774 872 873 900 sane
907 857 1060 900 veritas
1086 857 1321 914 requiritur
1353 857 1550 901 omnino:
1575 857 1648 914 qui

225 931 338 974 enim
374 929 450 972 hac
483 931 574 973 sine
607 930 782 972 veritate
817 930 987 985 iuraret,
1025 929 1057 971 is
1091 930 1214 971 tacite
1248 941 1288 971 et
1336 927 1648 987 aequivalenter

224 1015 447 1055 assereret,
484 1003 628 1045 Deum
654 1013 724 1044 aut
748 1017 812 1044 res
847 1002 1011 1044 nescire
1045 1013 1115 1043 aut
1154 1000 1378 1043 mendacio
1411 1014 1451 1044 et
1485 1001 1649 1059 iniqui-

223 1075 296 1117 tati
321 1073 472 1116 favere.
498 1074 718 1116 Praeterea
751 1091 772 1112 «
792 1071 886 1116 finis
911 1074 1154 1129 iuramenti,
1178 1084 1225 1115 ut
1248 1072 1352 1115 bene
1375 1074 1516 1130 arguit
1539 1074 1649 1118 Sua-

224 1161 292 1188 rez
319 1145 400 1204 (1),
419 1158 481 1188 est
506 1144 777 1188 confirmatio
799 1145 1001 1200 veritatis,
1023 1157 1068 1187 ut
1092 1146 1278 1188 sumitur
1301 1161 1352 1188 ex
1374 1160 1406 1189 s.
1426 1145 1559 1188 Paulo
1577 1146 1648 1204 (2).

224 1218 338 1274 Ergo
373 1217 562 1260 defectus
595 1218 781 1259 veritatis
816 1229 879 1259 est
914 1216 1070 1259 directe
1105 1229 1144 1259 et
1180 1217 1366 1260 maxime
1410 1219 1648 1260 contrarius

223 1288 295 1332 fini
331 1290 577 1346 iuramenti,
610 1301 649 1331 et
683 1304 858 1346 prorsus
884 1287 1063 1331 destruit
1087 1301 1128 1331 et
1153 1301 1323 1331 enervat
1350 1289 1646 1332 auctoritatem

224 1361 328 1404 eius.
379 1361 492 1417 Ergo
541 1361 720 1403 omnino
770 1361 895 1403 ctiam
945 1359 1125 1403 destruit
1173 1362 1263 1403 eius
1313 1360 1596 1404 honestatem.
1623 1379 1644 1399 »

223 1434 361 1476 Porro
396 1434 437 1475 in
472 1433 713 1475 iuramento
748 1433 1036 1490 promissorio
1072 1445 1237 1490 praeter
1285 1433 1509 1476 veritatem
1555 1433 1649 1477 dicti

223 1520 297 1547 seu
331 1504 377 1547 de
405 1506 608 1562 praesenti
642 1505 871 1562 requiritur
905 1505 1030 1547 etiam
1065 1505 1220 1547 veritas
1244 1504 1355 1561 facti
1386 1520 1458 1548 seu
1495 1504 1540 1548 de
1563 1505 1647 1562 fn-

224 1586 328 1619 turo.
366 1575 450 1619 Sed
484 1575 560 1618 hac
595 1575 646 1619 de
681 1592 723 1618 re
747 1576 789 1618 in
824 1575 1007 1632 scholio,
1029 1575 1145 1633 quod
1171 1575 1268 1618 huic
1291 1575 1399 1619 thesi
1424 1575 1649 1633 addemus,

224 1647 590 1706 pertractabimus.
614 1673 669 1681 —
699 1648 950 1706 Requiritur
973 1648 1100 1690 etiam
1135 1647 1328 1690 iudicium
1351 1663 1424 1690 seu
1450 1647 1645 1691 discretio.

224 1719 391 1764 Scilicet
424 1720 714 1763 iuramentum
752 1735 838 1762 non
874 1718 998 1762 debet
1032 1718 1137 1776 fieri,
1161 1719 1242 1761 nisi
1278 1735 1377 1762 cum
1411 1721 1568 1762 timore
1603 1735 1647 1762 ac

223 1791 458 1834 reverentia
491 1792 531 1833 in
566 1792 709 1834 Deum
744 1790 889 1848 (buius
913 1803 1054 1834 autem
1091 1792 1148 1834 rei
1175 1792 1280 1834 ratio
1305 1804 1368 1834 est
1392 1790 1649 1846 manifesta),

224 1874 264 1906 et
298 1875 612 1920 consequenter
658 1863 829 1905 nonnisi
868 1880 916 1906 ex
950 1862 1181 1906 sufficienti
1228 1879 1274 1906 ac
1325 1864 1647 1921 proportionata

223 1948 359 1976 causa.
384 1933 503 1990 Dixi,
525 1943 816 1992 consequenter.
841 1935 899 1977 Ut
922 1935 1036 1977 enim
1062 1935 1145 1977 iam
1171 1933 1358 1977 diximus
1382 1951 1433 1978 ex
1456 1950 1488 1978 s.
1515 1934 1647 1977 Tho·-

224 2019 307 2061 ma,
344 2003 554 2047 «videtur
589 2020 759 2063 parvam
794 2006 1075 2048 reverentiam
1110 2005 1264 2049 habere
1295 2005 1346 2049 acl
1380 2006 1542 2057 Deum,
1573 2007 1647 2064 qui

318 2224 370 2269 (ι)
396 2225 451 2260 De
477 2225 603 2259 iuram.
631 2225 653 2259 1.
686 2235 714 2260 1.
741 2236 772 2259 c.
805 2233 835 2268 3.
860 2236 958 2260 num.
990 2234 1021 2260 2.

318 2283 375 2327 (2)
400 2284 505 2318 Hunc
532 2283 653 2317 Iocum
674 2295 788 2329 nuper
813 2283 1040 2319 adduximus:
1066 2296 1087 2316 «
1103 2283 1281 2318 Homines
1298 2295 1360 2330 per
1386 2284 1562 2318 maiorem
1589 2285 1644 2318 sui

222 2343 350 2386 iurant,
378 2353 411 2378 et
439 2344 558 2378 omnis
585 2343 854 2378 controversiae
881 2354 1008 2377 eorum
1037 2343 1132 2385 finis,
1161 2343 1204 2378 ad
1232 2343 1567 2386 confirmationem,
1593 2352 1647 2379 est

221 2402 508 2438 iuramentum.»
539 2402 644 2438 Unde
671 2413 698 2436 s.
722 2402 899 2446 Thomas,
920 2413 952 2437 2.
975 2414 1006 2438 2.
1025 2414 1057 2449 q.
1077 2403 1133 2448 89.
1153 2414 1183 2438 a.
1207 2413 1236 2447 5.
1255 2403 1298 2437 ad
1323 2411 1384 2444 1¹¹¹.,
1403 2402 1642 2438 differentiam

222 2462 314 2496 inter
340 2462 579 2496 iuramentum
602 2471 634 2496 et
652 2471 777 2496 votum
806 2462 992 2497 constituit
1011 2462 1045 2495 in
1064 2461 1146 2505 hoc,
1165 2462 1261 2509 quod
1281 2473 1344 2508 per
1361 2472 1487 2497 votum
1513 2461 1647 2508 aliquid

221 2522 255 2556 in
274 2521 343 2557 Dei
363 2521 601 2557 reverentiam
622 2520 842 2564 ordinamus,
858 2521 918 2557 sed
937 2522 973 2556 in
988 2521 1192 2556 iuramento
1211 2534 1230 2557 e
1243 2533 1420 2557 converso
1441 2522 1644 2571 reverentia

222 2582 334 2617 divini
360 2582 518 2616 nominis
545 2580 588 2615 ad
615 2581 775 2616 veritatis
801 2581 1119 2616 confirmationem
1147 2581 1344 2617 ordinatur.
