1737 2802
785 126 1049 180 -158-

202 223 281 264 illis
317 219 637 263 conditionibus
672 221 709 262 ci
745 219 869 277 desit,
904 222 1129 278 praecipue
1151 236 1256 264 vero
1282 222 1316 263 si
1340 222 1495 264 veritas
1520 220 1629 265 desit

202 305 242 336 et
276 293 447 335 iustitia:
481 292 553 349 qui
588 292 702 334 euim
728 292 786 334 sic
811 291 933 348 iurat,
959 292 1007 348 is,
1031 303 1078 335 ut
1112 292 1196 335 iam
1221 291 1426 350 diximus,
1445 291 1628 336 affirmat

204 365 345 406 Deum
381 375 450 405 aut
484 378 550 405 res
586 363 751 405 nescire
784 374 853 405 aut
889 362 1114 406 mendacio
1148 375 1188 406 et
1222 363 1433 421 iniquitati
1472 362 1626 408 favere.

321 435 468 486 Quare
502 434 792 475 iuramentum
827 433 987 476 malum
1023 446 1166 491 potest
1213 433 1418 491 distingui
1463 434 1627 492 triplex,

201 504 225 546 i.
250 520 284 546 e.
310 504 538 555 incautum,
576 503 751 546 mendax
784 516 824 546 et
859 505 1046 561 iniquum
1070 519 1144 547 seu
1169 505 1378 549 illicitum.
1404 505 1456 564 α)
1480 506 1630 549 Incau-

201 587 293 616 tum
326 588 389 616 est
421 573 539 630 illud,
573 573 689 631 quod
725 586 836 617 caret
872 574 1044 618 iudicio.
1079 574 1136 634 β)
1170 576 1359 619 Mendax
1402 589 1464 620 est
1508 575 1628 634 illud,

199 645 315 703 quod
351 658 461 689 caret
493 647 682 700 veritate,
717 659 757 689 et
791 645 873 689 hoc
907 645 1064 690 dicitur
1108 649 1286 706 proprio
1320 649 1500 692 nomine
1527 657 1627 707 per-

201 718 367 761 iurium.
402 717 452 776 γ)
485 719 687 776 Iniquum
723 734 796 761 seu
847 717 1041 762 illicitum
1091 732 1153 762 est
1200 719 1320 775 illud,
1356 720 1472 778 quod
1518 734 1627 764 caret

202 789 359 832 iustitia
393 790 465 848 (1).

323 864 389 917 36.
426 862 670 906 SCHoLION.
695 862 754 905 Ut
787 861 945 920 pluries
982 863 1063 905 iam
1090 862 1291 920 diximus,
1315 864 1355 906 in
1381 864 1501 906 omni
1526 865 1626 921 qui-

202 931 299 976 dem
333 934 575 976 iuramento
609 934 839 991 requiritur
873 935 1028 977 veritas
1061 934 1106 977 de
1144 937 1363 992 praesenti,
1396 951 1477 993 qua
1526 934 1628 979 defi-

202 1005 353 1061 ciente,
387 1004 562 1048 habetur
596 1021 766 1063 semper
800 1006 1051 1063 periurium.
1086 1008 1141 1049 At
1176 1007 1217 1048 in
1251 1007 1492 1050 iuramento
1527 1022 1625 1065 pro-

201 1078 403 1120 missorio
438 1089 603 1135 praeter
634 1078 858 1120 veritatem
905 1077 1012 1120 hanc
1046 1077 1096 1121 de
1141 1079 1368 1136 praesenti,
1402 1079 1428 1121 i.
1463 1094 1498 1121 e.
1535 1079 1626 1121 sin-

199 1164 337 1192 ceram
371 1148 638 1191 voluntatem
672 1148 848 1192 faciendi
874 1148 914 1192 id
940 1148 1058 1206 quod
1084 1150 1367 1206 promittitur,
1392 1149 1627 1207 requiritur

198 1220 324 1263 etiam
357 1221 510 1263 veritas
543 1219 586 1262 df
613 1220 779 1278 futuro,
805 1221 830 1264 i.
850 1236 884 1264 e.
908 1221 1060 1263 veritas
1084 1220 1180 1264 facti
1204 1237 1278 1264 seu
1304 1222 1363 1264 rei
1387 1221 1625 1279 promissae

197 1292 428 1334 exsecutio.
467 1291 705 1334 «Tenetur
738 1292 852 1334 enim
888 1293 1055 1349 aliquis,
1091 1305 1134 1335 ut
1168 1292 1293 1336 faciat
1336 1307 1488 1336 verum
1532 1308 1626 1336 esse

199 1362 256 1420 id,
290 1362 406 1421 quod
440 1364 642 1420 promisit
686 1362 944 1419 (adhibendo
988 1365 1134 1407 Deum
1183 1376 1403 1422 tamquam
1437 1363 1619 1408 fideiius—

197 1436 373 1492 sorem):
408 1435 598 1492 alioquin
632 1435 749 1479 deest
781 1437 934 1480 veritas
968 1437 1010 1478 in
1044 1437 1287 1480 iuramento
1311 1454 1333 1476 »
1371 1436 1446 1493 (2).

317 1508 365 1550 In
408 1508 651 1551 iuramento
686 1508 815 1565 igitur
863 1509 1148 1565 promissorio
1197 1507 1353 1566 duplex
1395 1507 1623 1566 (quemad—

198 1579 380 1622 modum
415 1578 541 1636 paulo
576 1592 671 1622 ante
705 1579 756 1623 de
802 1588 890 1623 voto
940 1593 1112 1637 agentes
1162 1579 1366 1637 diximus)
1416 1578 1624 1636 obligatio

198 1650 321 1694 debet
353 1650 576 1708 distingui,
611 1666 692 1694 una
716 1651 891 1709 quidem
925 1653 1043 1709 quasi
1068 1652 1304 1696 antecedens
1332 1652 1623 1695 iuramentum

194 1735 237 1766 et
269 1724 460 1779 exigens,
479 1735 524 1765 ut
557 1723 701 1780 ipsum
735 1724 814 1766 rite
847 1722 917 1766 fiat
951 1739 1049 1767 cum
1083 1725 1274 1780 veritate,
1298 1724 1458 1767 iudicio
1493 1736 1534 1767 et
1557 1723 1621 1766 iu-

196 1795 322 1852 stitia,
339 1794 466 1837 altera
488 1810 590 1837 vero
613 1810 854 1853 consequens
878 1796 1167 1838 iuramentum
1192 1794 1353 1839 factum
1373 1807 1413 1838 et
1433 1795 1624 1852 exigens,

196 1879 242 1911 ut
273 1866 314 1910 id
348 1865 465 1924 quod
489 1867 754 1924 promissum
787 1879 864 1923 est,
902 1866 1114 1911 reddatut.
1155 1868 1327 1911 Etenim
1364 1867 1622 1911 ‹iuramen-

196 1950 290 1981 turn
323 1939 660 1996 promissorium
695 1938 857 1996 obligat
890 1939 1052 1982 ratione
1085 1939 1293 1996 veritatis,
1316 1955 1368 1982 ne
1402 1939 1624 1996 contingat

195 2011 340 2054 Deum
389 2026 481 2054 esse
528 2010 776 2053 invocatum
825 2011 867 2052 in
915 2011 1218 2054 testimonium
1270 2009 1508 2054 falsitatis»
1548 2010 1622 2068 (3)

194 2082 312 2125 Haec
346 2096 476 2139 porro
511 2081 822 2125 animadverte.

318 2153 469 2196 Primo.
507 2152 728 2209 Obligatio
757 2152 859 2195 haec
883 2167 1122 2211 consequens
1145 2152 1282 2195 oritur
1307 2168 1356 2195 ex
1378 2152 1624 2196 iuramento

194 2225 498 2282 promissorio,
520 2224 638 2283 quod
672 2240 760 2268 non
794 2225 847 2267 sit
872 2224 922 2268 de
959 2241 1002 2268 re
1036 2225 1160 2281 mala,
1183 2239 1258 2268 seu
1293 2224 1359 2267 cui
1392 2238 1480 2267 non
1514 2223 1623 2268 desit

289 2412 344 2458 (1)
370 2413 426 2448 Cf.
452 2414 596 2457 Suarez,
625 2414 669 2448 de
695 2412 823 2449 furam.
852 2413 873 2448 l.
903 2413 963 2448 111.
991 2424 1020 2448 e.
1051 2422 1078 2457 3.
1108 2425 1209 2449 num.
1235 2408 1267 2447 8'.

289 2471 344 2516 (2)
369 2472 407 2506 In
437 2481 468 2506 2.
496 2482 528 2506 2.
556 2483 587 2518 q.
615 2472 670 2519 89.
698 2484 731 2508 a.
772 2482 804 2517 7.
832 2472 943 2507 Recte
980 2471 1136 2515 Tullius,
1164 2471 1207 2507 de
1242 2470 1305 2507 off.
1332 2471 1355 2508 l.
1383 2471 1443 2506 III.
1479 2483 1507 2506 c.
1551 2471 1622 2506 18.:

195 2543 215 2561 «
237 2531 347 2574 Quod
374 2531 563 2571 affirmate,
593 2531 690 2578 quasi
716 2531 798 2566 Deo
825 2538 927 2573 teste,
954 2531 1176 2577 promiseris,
1204 2530 1239 2566 id
1265 2531 1461 2566 tenendum
1489 2538 1557 2566 est.
1578 2544 1596 2561 »

290 2589 346 2636 (3)
374 2591 430 2625 De
457 2590 584 2624 iuram.
611 2589 634 2624 1.
665 2599 695 2624 2.
722 2600 755 2624 c.
787 2600 838 2624 12.
867 2600 965 2624 num.
995 2598 1026 2632 5.
