<?xml version="1.0" encoding="UTF-8"?>
<!DOCTYPE html PUBLIC "-//W3C//DTD XHTML 1.0 Transitional//EN"
    "http://www.w3.org/TR/xhtml1/DTD/xhtml1-transitional.dtd">
<html xmlns="http://www.w3.org/1999/xhtml" xml:lang="en" lang="en">
 <head>
  <title>
</title>
<meta http-equiv="Content-Type" content="text/html;charset=utf-8" />
  <meta name='ocr-system' content='tesseract 3.04.00' />
  <meta name='ocr-capabilities' content='ocr_page ocr_carea ocr_par ocr_line ocrx_word'/>
</head>
<body>
  <div class='ocr_page' id='page_1' title='image "./institutionesphi02ferr_0068.png"; bbox 0 0 1737 2802; ppageno 0'>
   <div class='ocr_carea' id='block_1_1' title="bbox 794 141 1025 183">
    <p class='ocr_par' dir='ltr' id='par_1_1' title="bbox 794 141 1025 183">
     <span class='ocr_line' id='line_1_1' title="bbox 794 141 1025 183; baseline 0.004 -12"><span class='ocrx_word' id='word_1_1' title='bbox 794 141 1025 183; x_wconf 72' lang='grc'><em>..62-</em></span> 
     </span>
    </p>
   </div>
   <div class='ocr_carea' id='block_1_2' title="bbox 1624 0 1737 279">
    <p class='ocr_par' dir='ltr' id='par_1_2' title="bbox 1624 0 1737 279">
     <span class='ocr_line' id='line_1_2' title="bbox 1624 0 1737 279; baseline 0 2523"><span class='ocrx_word' id='word_1_2' title='bbox 1624 0 1737 279; x_wconf 95' lang='lat' dir='ltr'> </span> 
     </span>
    </p>
   </div>
   <div class='ocr_carea' id='block_1_3' title="bbox 197 224 1670 2376">
    <p class='ocr_par' dir='ltr' id='par_1_3' title="bbox 197 224 1621 423">
     <span class='ocr_line' id='line_1_3' title="bbox 199 224 1621 289; baseline -0.001 -9"><span class='ocrx_word' id='word_1_3' title='bbox 199 239 285 280; x_wconf 72' lang='lat' dir='ltr'>iura</span> <span class='ocrx_word' id='word_1_4' title='bbox 322 224 506 289; x_wconf 67' lang='lat' dir='ltr'>liaberet,</span> <span class='ocrx_word' id='word_1_5' title='bbox 540 237 622 278; x_wconf 86' lang='lat' dir='ltr'>iam</span> <span class='ocrx_word' id='word_1_6' title='bbox 657 236 774 278; x_wconf 83' lang='lat' dir='ltr'>Deus</span> <span class='ocrx_word' id='word_1_7' title='bbox 808 247 919 278; x_wconf 83' lang='lat' dir='ltr'>esset</span> <span class='ocrx_word' id='word_1_8' title='bbox 937 236 1132 281; x_wconf 72' lang='lat' dir='ltr'>terminus</span> <span class='ocrx_word' id='word_1_9' title='bbox 1156 235 1258 278; x_wconf 87' lang='lat' dir='ltr'>iuris</span> <span class='ocrx_word' id='word_1_10' title='bbox 1291 249 1366 278; x_wconf 88' lang='lat' dir='ltr'>seu</span> <span class='ocrx_word' id='word_1_11' title='bbox 1400 234 1621 280; x_wconf 80' lang='lat' dir='ltr'>subiectum</span> 
     </span>
     <span class='ocr_line' id='line_1_4' title="bbox 197 305 1619 364; baseline -0.001 -13"><span class='ocrx_word' id='word_1_12' title='bbox 197 308 342 351; x_wconf 76' lang='lat' dir='ltr'>officii:</span> <span class='ocrx_word' id='word_1_13' title='bbox 379 320 488 351; x_wconf 75' lang='lat' dir='ltr'>esset</span> <span class='ocrx_word' id='word_1_14' title='bbox 523 308 650 364; x_wconf 78' lang='lat' dir='ltr'>igitur</span> <span class='ocrx_word' id='word_1_15' title='bbox 685 306 900 350; x_wconf 82' lang='lat' dir='ltr'>subiectus</span> <span class='ocrx_word' id='word_1_16' title='bbox 924 306 1020 363; x_wconf 82' lang='lat' dir='ltr'>legi,</span> <span class='ocrx_word' id='word_1_17' title='bbox 1045 305 1292 364; x_wconf 87' lang='lat' dir='ltr'>dependens</span> <span class='ocrx_word' id='word_1_18' title='bbox 1330 305 1378 349; x_wconf 84' lang='lat' dir='ltr'>ab</span> <span class='ocrx_word' id='word_1_19' title='bbox 1410 305 1510 362; x_wconf 86' lang='lat' dir='ltr'>alio,</span> <span class='ocrx_word' id='word_1_20' title='bbox 1544 321 1619 350; x_wconf 87' lang='lat' dir='ltr'>seu</span> 
     </span>
     <span class='ocr_line' id='line_1_5' title="bbox 200 380 598 423; baseline -0.005 -1"><span class='ocrx_word' id='word_1_21' title='bbox 200 396 286 423; x_wconf 89' lang='lat' dir='ltr'>non</span> <span class='ocrx_word' id='word_1_22' title='bbox 320 391 430 422; x_wconf 51' lang='lat' dir='ltr'>esset</span> <span class='ocrx_word' id='word_1_23' title='bbox 464 380 598 422; x_wconf 74' lang='lat' dir='ltr'>Deus.</span> 
     </span>
    </p>

    <p class='ocr_par' dir='ltr' id='par_1_4' title="bbox 198 449 1670 1876">
     <span class='ocr_line' id='line_1_6' title="bbox 318 449 1623 508; baseline -0.001 -14"><span class='ocrx_word' id='word_1_24' title='bbox 318 451 397 508; x_wconf 69' lang='lat'>4⁰)</span> <span class='ocrx_word' id='word_1_25' title='bbox 433 451 559 503; x_wconf 79' lang='lat' dir='ltr'>Quae</span> <span class='ocrx_word' id='word_1_26' title='bbox 595 450 758 492; x_wconf 83' lang='lat' dir='ltr'>homini</span> <span class='ocrx_word' id='word_1_27' title='bbox 794 450 938 492; x_wconf 84' lang='lat' dir='ltr'>insunt</span> <span class='ocrx_word' id='word_1_28' title='bbox 974 451 1078 507; x_wconf 82' lang='lat' dir='ltr'>iura,</span> <span class='ocrx_word' id='word_1_29' title='bbox 1102 466 1162 506; x_wconf 83' lang='lat' dir='ltr'>ea,</span> <span class='ocrx_word' id='word_1_30' title='bbox 1186 451 1381 508; x_wconf 83' lang='lat' dir='ltr'>inspecto</span> <span class='ocrx_word' id='word_1_31' title='bbox 1405 450 1534 504; x_wconf 82' lang='lat' dir='ltr'>titulo,</span> <span class='ocrx_word' id='word_1_32' title='bbox 1555 449 1623 493; x_wconf 86' lang='lat' dir='ltr'>vel</span> 
     </span>
     <span class='ocr_line' id='line_1_7' title="bbox 198 512 1622 581; baseline -0.004 -13"><span class='ocrx_word' id='word_1_33' title='bbox 198 526 404 581; x_wconf 68' lang='lat' dir='ltr'>congenita</span> <span class='ocrx_word' id='word_1_34' title='bbox 440 536 538 565; x_wconf 75' lang='lat' dir='ltr'>sunt</span> <span class='ocrx_word' id='word_1_35' title='bbox 561 521 625 564; x_wconf 73' lang='lat' dir='ltr'>vel</span> <span class='ocrx_word' id='word_1_36' title='bbox 659 524 862 580; x_wconf 72' lang='lat' dir='ltr'>acquisita</span> <span class='ocrx_word' id='word_1_37' title='bbox 899 520 981 580; x_wconf 89' lang='lat'>(1).</span> <span class='ocrx_word' id='word_1_38' title='bbox 1006 522 1139 579; x_wconf 86' lang='lat' dir='ltr'>Atqui</span> <span class='ocrx_word' id='word_1_39' title='bbox 1164 534 1257 564; x_wconf 88' lang='lat' dir='ltr'>tum</span> <span class='ocrx_word' id='word_1_40' title='bbox 1283 512 1507 579; x_wconf 85' lang='lat' dir='ltr'>congenita</span> <span class='ocrx_word' id='word_1_41' title='bbox 1528 533 1622 564; x_wconf 86' lang='lat' dir='ltr'>tum</span> 
     </span>
     <span class='ocr_line' id='line_1_8' title="bbox 201 593 1624 654; baseline -0.002 -15"><span class='ocrx_word' id='word_1_42' title='bbox 201 597 405 654; x_wconf 73' lang='lat' dir='ltr'>acquisita</span> <span class='ocrx_word' id='word_1_43' title='bbox 429 607 527 636; x_wconf 76' lang='lat' dir='ltr'>sunt</span> <span class='ocrx_word' id='word_1_44' title='bbox 560 610 580 637; x_wconf 85' lang='lat' dir='ltr'>a</span> <span class='ocrx_word' id='word_1_45' title='bbox 616 595 723 637; x_wconf 85' lang='lat' dir='ltr'>Deo.</span> <span class='ocrx_word' id='word_1_46' title='bbox 747 595 861 650; x_wconf 81' lang='lat' dir='ltr'>Ergo</span> <span class='ocrx_word' id='word_1_47' title='bbox 885 610 992 651; x_wconf 78' lang='lat' dir='ltr'>quae</span> <span class='ocrx_word' id='word_1_48' title='bbox 1026 593 1193 637; x_wconf 85' lang='lat' dir='ltr'>homini</span> <span class='ocrx_word' id='word_1_49' title='bbox 1226 595 1370 636; x_wconf 84' lang='lat' dir='ltr'>insunt</span> <span class='ocrx_word' id='word_1_50' title='bbox 1393 594 1500 650; x_wconf 82' lang='lat' dir='ltr'>iura,</span> <span class='ocrx_word' id='word_1_51' title='bbox 1523 605 1624 636; x_wconf 88' lang='lat' dir='ltr'>sunt</span> 
     </span>
     <span class='ocr_line' id='line_1_9' title="bbox 202 664 1670 722; baseline -0.001 -12"><span class='ocrx_word' id='word_1_52' title='bbox 202 684 223 710; x_wconf 86' lang='lat' dir='ltr'>a</span> <span class='ocrx_word' id='word_1_53' title='bbox 257 669 367 711; x_wconf 83' lang='lat' dir='ltr'>Deo,</span> <span class='ocrx_word' id='word_1_54' title='bbox 393 665 680 709; x_wconf 85' lang='lat' dir='ltr'>——Probatur</span> <span class='ocrx_word' id='word_1_55' title='bbox 713 667 858 709; x_wconf 74' lang='lat' dir='ltr'>minor.</span> <span class='ocrx_word' id='word_1_56' title='bbox 889 669 985 710; x_wconf 85' lang='lat' dir='ltr'>Iura</span> <span class='ocrx_word' id='word_1_57' title='bbox 1019 666 1244 722; x_wconf 81' lang='lat' dir='ltr'>congenita</span> <span class='ocrx_word' id='word_1_58' title='bbox 1278 664 1512 709; x_wconf 79' lang='lat' dir='ltr'>fundantur</span> <span class='ocrx_word' id='word_1_59' title='bbox 1543 665 1622 708; x_wconf 86' lang='lat' dir='ltr'>im·</span> <span class='ocrx_word' id='word_1_60' title='bbox 1657 667 1670 680; x_wconf 75' lang='grc'><strong>“</strong></span> 
     </span>
     <span class='ocr_line' id='line_1_10' title="bbox 203 738 1621 795; baseline -0.001 -13"><span class='ocrx_word' id='word_1_61' title='bbox 203 739 385 782; x_wconf 83' lang='lat' dir='ltr'>mediate</span> <span class='ocrx_word' id='word_1_62' title='bbox 418 739 461 780; x_wconf 87' lang='lat' dir='ltr'>in</span> <span class='ocrx_word' id='word_1_63' title='bbox 494 750 658 790; x_wconf 86' lang='lat' dir='ltr'>natura,</span> <span class='ocrx_word' id='word_1_64' title='bbox 684 751 723 780; x_wconf 88' lang='lat' dir='ltr'>et</span> <span class='ocrx_word' id='word_1_65' title='bbox 747 738 925 795; x_wconf 78' lang='lat' dir='ltr'>proinde</span> <span class='ocrx_word' id='word_1_66' title='bbox 954 750 1052 780; x_wconf 80' lang='lat' dir='ltr'>sunt</span> <span class='ocrx_word' id='word_1_67' title='bbox 1075 754 1095 780; x_wconf 92' lang='lat' dir='ltr'>a</span> <span class='ocrx_word' id='word_1_68' title='bbox 1120 739 1216 781; x_wconf 92' lang='lat' dir='ltr'>Deo</span> <span class='ocrx_word' id='word_1_69' title='bbox 1240 750 1412 781; x_wconf 85' lang='lat' dir='ltr'>naturae</span> <span class='ocrx_word' id='word_1_70' title='bbox 1434 749 1621 780; x_wconf 85' lang='lat' dir='ltr'>auctore.</span> 
     </span>
     <span class='ocr_line' id='line_1_11' title="bbox 201 808 1623 868; baseline -0.002 -13"><span class='ocrx_word' id='word_1_71' title='bbox 201 813 297 855; x_wconf 79' lang='lat' dir='ltr'>Iura</span> <span class='ocrx_word' id='word_1_72' title='bbox 329 811 532 868; x_wconf 81' lang='lat' dir='ltr'>acquisita</span> <span class='ocrx_word' id='word_1_73' title='bbox 566 823 816 868; x_wconf 83' lang='lat' dir='ltr'>supponunt</span> <span class='ocrx_word' id='word_1_74' title='bbox 851 811 1078 866; x_wconf 72' lang='lat' dir='ltr'>congenita</span> <span class='ocrx_word' id='word_1_75' title='bbox 1112 811 1152 852; x_wconf 89' lang='lat' dir='ltr'>in</span> <span class='ocrx_word' id='word_1_76' title='bbox 1191 811 1328 867; x_wconf 86' lang='lat' dir='ltr'>iisque</span> <span class='ocrx_word' id='word_1_77' title='bbox 1377 808 1623 862; x_wconf 83' lang='lat' dir='ltr'>fundantur,</span> 
     </span>
     <span class='ocr_line' id='line_1_12' title="bbox 200 881 1622 940; baseline -0.003 -12"><span class='ocrx_word' id='word_1_78' title='bbox 200 898 243 928; x_wconf 78' lang='lat' dir='ltr'>et</span> <span class='ocrx_word' id='word_1_79' title='bbox 276 895 589 940; x_wconf 67' lang='lat' dir='ltr'><strong>consequenter</strong></span> <span class='ocrx_word' id='word_1_80' title='bbox 624 881 854 924; x_wconf 82' lang='lat' dir='ltr'>fundantur</span> <span class='ocrx_word' id='word_1_81' title='bbox 887 895 926 924; x_wconf 88' lang='lat' dir='ltr'>et</span> <span class='ocrx_word' id='word_1_82' title='bbox 951 884 1038 939; x_wconf 81' lang='lat' dir='ltr'>ipsa</span> <span class='ocrx_word' id='word_1_83' title='bbox 1073 883 1115 924; x_wconf 89' lang='lat' dir='ltr'>in</span> <span class='ocrx_word' id='word_1_84' title='bbox 1149 895 1312 937; x_wconf 82' lang='lat' dir='ltr'>natura,</span> <span class='ocrx_word' id='word_1_85' title='bbox 1337 897 1424 925; x_wconf 90' lang='lat' dir='ltr'>non</span> <span class='ocrx_word' id='word_1_86' title='bbox 1448 881 1622 940; x_wconf 91' lang='lat' dir='ltr'>quidem</span> 
     </span>
     <span class='ocr_line' id='line_1_13' title="bbox 202 953 1625 1011; baseline 0 -13"><span class='ocrx_word' id='word_1_87' title='bbox 202 955 432 999; x_wconf 67' lang='lat' dir='ltr'>immcdiatc</span> <span class='ocrx_word' id='word_1_88' title='bbox 454 966 494 996; x_wconf 86' lang='lat' dir='ltr'>et</span> <span class='ocrx_word' id='word_1_89' title='bbox 524 954 725 1011; x_wconf 74' lang='lat' dir='ltr'>proxime,</span> <span class='ocrx_word' id='word_1_90' title='bbox 750 954 810 996; x_wconf 84' lang='lat' dir='ltr'>uti</span> <span class='ocrx_word' id='word_1_91' title='bbox 835 954 925 995; x_wconf 82' lang='lat' dir='ltr'>iura</span> <span class='ocrx_word' id='word_1_92' title='bbox 948 955 1190 1011; x_wconf 79' lang='lat' dir='ltr'>congenita,</span> <span class='ocrx_word' id='word_1_93' title='bbox 1213 953 1288 997; x_wconf 85' lang='lat' dir='ltr'>sed</span> <span class='ocrx_word' id='word_1_94' title='bbox 1312 967 1423 998; x_wconf 89' lang='lat' dir='ltr'>certe</span> <span class='ocrx_word' id='word_1_95' title='bbox 1456 954 1625 998; x_wconf 83' lang='lat' dir='ltr'>mediate</span> 
     </span>
     <span class='ocr_line' id='line_1_14' title="bbox 204 1024 1623 1083; baseline -0.001 -14"><span class='ocrx_word' id='word_1_96' title='bbox 204 1038 245 1069; x_wconf 89' lang='lat' dir='ltr'>et</span> <span class='ocrx_word' id='word_1_97' title='bbox 268 1035 426 1078; x_wconf 66' lang='lat' dir='ltr'>remote,</span> <span class='ocrx_word' id='word_1_98' title='bbox 462 1026 485 1067; x_wconf 84' lang='lat' dir='ltr'>i.</span> <span class='ocrx_word' id='word_1_99' title='bbox 505 1041 539 1067; x_wconf 91' lang='lat' dir='ltr'>e.</span> <span class='ocrx_word' id='word_1_100' title='bbox 565 1036 879 1082; x_wconf 77' lang='lat' dir='ltr'>consequenter</span> <span class='ocrx_word' id='word_1_101' title='bbox 900 1024 950 1067; x_wconf 87' lang='lat' dir='ltr'>ad</span> <span class='ocrx_word' id='word_1_102' title='bbox 975 1026 1132 1067; x_wconf 70' lang='lat' dir='ltr'>iactum</span> <span class='ocrx_word' id='word_1_103' title='bbox 1157 1025 1331 1083; x_wconf 76' lang='lat' dir='ltr'>aliquod</span> <span class='ocrx_word' id='word_1_104' title='bbox 1355 1026 1623 1082; x_wconf 83' lang='lat' dir='ltr'>contingens.</span> 
     </span>
     <span class='ocr_line' id='line_1_15' title="bbox 204 1097 1625 1156; baseline -0.001 -14"><span class='ocrx_word' id='word_1_105' title='bbox 204 1099 318 1142; x_wconf 88' lang='lat' dir='ltr'>Hinc</span> <span class='ocrx_word' id='word_1_106' title='bbox 352 1099 442 1140; x_wconf 81' lang='lat' dir='ltr'>iura</span> <span class='ocrx_word' id='word_1_107' title='bbox 476 1098 700 1154; x_wconf 81' lang='lat' dir='ltr'>congenita</span> <span class='ocrx_word' id='word_1_108' title='bbox 723 1110 929 1140; x_wconf 81' lang='lat' dir='ltr'>Vocantur</span> <span class='ocrx_word' id='word_1_109' title='bbox 963 1099 1087 1140; x_wconf 83' lang='lat' dir='ltr'>etiam</span> <span class='ocrx_word' id='word_1_110' title='bbox 1113 1098 1205 1140; x_wconf 84' lang='lat' dir='ltr'>iura</span> <span class='ocrx_word' id='word_1_111' title='bbox 1231 1100 1453 1156; x_wconf 64' lang='lat' dir='ltr'>priuarzcz,</span> <span class='ocrx_word' id='word_1_112' title='bbox 1475 1097 1625 1155; x_wconf 81' lang='lat' dir='ltr'>acqui-</span> 
     </span>
     <span class='ocr_line' id='line_1_16' title="bbox 203 1169 1625 1225; baseline 0 -13"><span class='ocrx_word' id='word_1_113' title='bbox 203 1170 283 1212; x_wconf 75' lang='lat' dir='ltr'>sita</span> <span class='ocrx_word' id='word_1_114' title='bbox 316 1184 417 1211; x_wconf 81' lang='lat' dir='ltr'>vero</span> <span class='ocrx_word' id='word_1_115' title='bbox 450 1169 707 1212; x_wconf 67' lang='lat' dir='ltr'>secmzdaria:</span> <span class='ocrx_word' id='word_1_116' title='bbox 732 1184 838 1225; x_wconf 86' lang='lat' dir='ltr'>quae</span> <span class='ocrx_word' id='word_1_117' title='bbox 862 1182 1006 1212; x_wconf 83' lang='lat' dir='ltr'>autem</span> <span class='ocrx_word' id='word_1_118' title='bbox 1031 1169 1279 1213; x_wconf 84' lang='lat' dir='ltr'>secundaria</span> <span class='ocrx_word' id='word_1_119' title='bbox 1306 1181 1420 1222; x_wconf 87' lang='lat' dir='ltr'>sunt,</span> <span class='ocrx_word' id='word_1_120' title='bbox 1446 1184 1492 1212; x_wconf 85' lang='lat' dir='ltr'>ea</span> <span class='ocrx_word' id='word_1_121' title='bbox 1525 1184 1625 1212; x_wconf 84' lang='lat' dir='ltr'>sane</span> 
     </span>
     <span class='ocr_line' id='line_1_17' title="bbox 204 1241 1626 1300; baseline 0 -16"><span class='ocrx_word' id='word_1_122' title='bbox 204 1253 457 1300; x_wconf 85' lang='lat' dir='ltr'>supponunt</span> <span class='ocrx_word' id='word_1_123' title='bbox 492 1242 704 1298; x_wconf 85' lang='lat' dir='ltr'>primaria.</span> <span class='ocrx_word' id='word_1_124' title='bbox 730 1242 799 1284; x_wconf 84' lang='lat' dir='ltr'>Sic</span> <span class='ocrx_word' id='word_1_125' title='bbox 823 1258 855 1285; x_wconf 89' lang='lat' dir='ltr'>e.</span> <span class='ocrx_word' id='word_1_126' title='bbox 877 1257 915 1298; x_wconf 79' lang='lat' dir='ltr'>g,</span> <span class='ocrx_word' id='word_1_127' title='bbox 943 1241 1117 1284; x_wconf 73' lang='lat' dir='ltr'>facultas</span> <span class='ocrx_word' id='word_1_128' title='bbox 1142 1241 1386 1300; x_wconf 70' lang='lat' dir='ltr'>acquirendi</span> <span class='ocrx_word' id='word_1_129' title='bbox 1411 1257 1476 1285; x_wconf 85' lang='lat' dir='ltr'>res</span> <span class='ocrx_word' id='word_1_130' title='bbox 1499 1243 1626 1286; x_wconf 87' lang='lat' dir='ltr'>utiles</span> 
     </span>
     <span class='ocr_line' id='line_1_18' title="bbox 203 1312 1627 1371; baseline 0.001 -15"><span class='ocrx_word' id='word_1_131' title='bbox 203 1326 266 1356; x_wconf 81' lang='lat' dir='ltr'>est</span> <span class='ocrx_word' id='word_1_132' title='bbox 299 1314 364 1355; x_wconf 84' lang='lat' dir='ltr'>ius</span> <span class='ocrx_word' id='word_1_133' title='bbox 400 1313 667 1371; x_wconf 87' lang='lat' dir='ltr'>primarium:</span> <span class='ocrx_word' id='word_1_134' title='bbox 701 1312 1000 1356; x_wconf 84' lang='lat' dir='ltr'>secundarium</span> <span class='ocrx_word' id='word_1_135' title='bbox 1037 1326 1099 1356; x_wconf 87' lang='lat' dir='ltr'>est</span> <span class='ocrx_word' id='word_1_136' title='bbox 1131 1315 1196 1356; x_wconf 82' lang='lat' dir='ltr'>ius</span> <span class='ocrx_word' id='word_1_137' title='bbox 1232 1315 1273 1356; x_wconf 91' lang='lat' dir='ltr'>in</span> <span class='ocrx_word' id='word_1_138' title='bbox 1297 1328 1341 1357; x_wconf 86' lang='lat' dir='ltr'>re</span> <span class='ocrx_word' id='word_1_139' title='bbox 1374 1313 1451 1357; x_wconf 84' lang='lat' dir='ltr'>hac</span> <span class='ocrx_word' id='word_1_140' title='bbox 1483 1312 1627 1357; x_wconf 87' lang='lat' dir='ltr'>deter-</span> 
     </span>
     <span class='ocr_line' id='line_1_19' title="bbox 206 1385 1626 1443; baseline -0.001 -14"><span class='ocrx_word' id='word_1_141' title='bbox 206 1387 380 1441; x_wconf 83' lang='lat' dir='ltr'>minata,</span> <span class='ocrx_word' id='word_1_142' title='bbox 415 1401 488 1428; x_wconf 82' lang='lat' dir='ltr'>seu</span> <span class='ocrx_word' id='word_1_143' title='bbox 522 1386 611 1443; x_wconf 79' lang='lat' dir='ltr'>ipsa</span> <span class='ocrx_word' id='word_1_144' title='bbox 644 1386 819 1428; x_wconf 80' lang='lat' dir='ltr'>actualis</span> <span class='ocrx_word' id='word_1_145' title='bbox 853 1386 1077 1443; x_wconf 81' lang='lat' dir='ltr'>acquisitio</span> <span class='ocrx_word' id='word_1_146' title='bbox 1110 1386 1169 1428; x_wconf 89' lang='lat' dir='ltr'>rei</span> <span class='ocrx_word' id='word_1_147' title='bbox 1203 1385 1345 1440; x_wconf 84' lang='lat' dir='ltr'>huius,</span> <span class='ocrx_word' id='word_1_148' title='bbox 1370 1401 1404 1429; x_wconf 91' lang='lat' dir='ltr'>e.</span> <span class='ocrx_word' id='word_1_149' title='bbox 1423 1401 1463 1443; x_wconf 86' lang='lat' dir='ltr'>g.</span> <span class='ocrx_word' id='word_1_150' title='bbox 1499 1385 1626 1428; x_wconf 87' lang='lat' dir='ltr'>huius</span> 
     </span>
     <span class='ocr_line' id='line_1_20' title="bbox 205 1455 1628 1516; baseline 0 -15"><span class='ocrx_word' id='word_1_151' title='bbox 205 1459 310 1516; x_wconf 78' lang='lat' dir='ltr'>agri,</span> <span class='ocrx_word' id='word_1_152' title='bbox 345 1469 656 1514; x_wconf 84' lang='lat' dir='ltr'>consequenter</span> <span class='ocrx_word' id='word_1_153' title='bbox 689 1457 738 1499; x_wconf 87' lang='lat' dir='ltr'>ad</span> <span class='ocrx_word' id='word_1_154' title='bbox 771 1457 851 1500; x_wconf 84' lang='lat' dir='ltr'>tale</span> <span class='ocrx_word' id='word_1_155' title='bbox 886 1456 1063 1510; x_wconf 83' lang='lat' dir='ltr'>factum,</span> <span class='ocrx_word' id='word_1_156' title='bbox 1098 1473 1132 1500; x_wconf 91' lang='lat' dir='ltr'>e.</span> <span class='ocrx_word' id='word_1_157' title='bbox 1157 1473 1198 1514; x_wconf 85' lang='lat' dir='ltr'>g.</span> <span class='ocrx_word' id='word_1_158' title='bbox 1235 1458 1528 1516; x_wconf 83' lang='lat' dir='ltr'>occupationis</span> <span class='ocrx_word' id='word_1_159' title='bbox 1561 1455 1628 1501; x_wconf 86' lang='lat' dir='ltr'>vel</span> 
     </span>
     <span class='ocr_line' id='line_1_21' title="bbox 204 1527 1628 1588; baseline 0.001 -17"><span class='ocrx_word' id='word_1_160' title='bbox 204 1530 450 1588; x_wconf 81' lang='lat' dir='ltr'>emptionis.</span> <span class='ocrx_word' id='word_1_161' title='bbox 484 1531 540 1571; x_wconf 88' lang='lat' dir='ltr'>At</span> <span class='ocrx_word' id='word_1_162' title='bbox 574 1529 718 1586; x_wconf 79' lang='lat' dir='ltr'>posito</span> <span class='ocrx_word' id='word_1_163' title='bbox 752 1528 875 1571; x_wconf 82' lang='lat' dir='ltr'>etiam</span> <span class='ocrx_word' id='word_1_164' title='bbox 912 1527 982 1570; x_wconf 86' lang='lat' dir='ltr'>tali</span> <span class='ocrx_word' id='word_1_165' title='bbox 1016 1527 1146 1581; x_wconf 80' lang='lat' dir='ltr'>facto,</span> <span class='ocrx_word' id='word_1_166' title='bbox 1183 1528 1348 1574; x_wconf 84' lang='lat' dir='ltr'>nullum</span> <span class='ocrx_word' id='word_1_167' title='bbox 1382 1530 1423 1571; x_wconf 90' lang='lat' dir='ltr'>in</span> <span class='ocrx_word' id='word_1_168' title='bbox 1464 1544 1507 1572; x_wconf 87' lang='lat' dir='ltr'>re</span> <span class='ocrx_word' id='word_1_169' title='bbox 1551 1527 1628 1572; x_wconf 88' lang='lat' dir='ltr'>hac</span> 
     </span>
     <span class='ocr_line' id='line_1_22' title="bbox 204 1598 1626 1658; baseline -0.001 -15"><span class='ocrx_word' id='word_1_170' title='bbox 204 1602 270 1644; x_wconf 85' lang='lat' dir='ltr'>ius</span> <span class='ocrx_word' id='word_1_171' title='bbox 325 1603 604 1658; x_wconf 75' lang='lat' dir='ltr'>acquirerem,</span> <span class='ocrx_word' id='word_1_172' title='bbox 653 1600 733 1641; x_wconf 84' lang='lat' dir='ltr'>nisi</span> <span class='ocrx_word' id='word_1_173' title='bbox 782 1600 897 1657; x_wconf 82' lang='lat' dir='ltr'>prius</span> <span class='ocrx_word' id='word_1_174' title='bbox 945 1598 1145 1644; x_wconf 82' lang='lat' dir='ltr'>haberem</span> <span class='ocrx_word' id='word_1_175' title='bbox 1195 1599 1299 1644; x_wconf 85' lang='lat' dir='ltr'>illud</span> <span class='ocrx_word' id='word_1_176' title='bbox 1348 1601 1626 1657; x_wconf 85' lang='lat' dir='ltr'>congenitum</span> 
     </span>
     <span class='ocr_line' id='line_1_23' title="bbox 206 1671 1626 1732; baseline -0.001 -15"><span class='ocrx_word' id='word_1_177' title='bbox 206 1686 247 1717; x_wconf 86' lang='lat' dir='ltr'>et</span> <span class='ocrx_word' id='word_1_178' title='bbox 266 1673 599 1732; x_wconf 80' lang='lat' dir='ltr'>primariumius</span> <span class='ocrx_word' id='word_1_179' title='bbox 613 1688 687 1715; x_wconf 83' lang='lat' dir='ltr'>seu</span> <span class='ocrx_word' id='word_1_180' title='bbox 713 1671 957 1714; x_wconf 75' lang='lat' dir='ltr'>facultatem</span> <span class='ocrx_word' id='word_1_181' title='bbox 987 1672 1100 1715; x_wconf 88' lang='lat' dir='ltr'>illam</span> <span class='ocrx_word' id='word_1_182' title='bbox 1126 1687 1192 1716; x_wconf 86' lang='lat' dir='ltr'>res</span> <span class='ocrx_word' id='word_1_183' title='bbox 1219 1671 1344 1716; x_wconf 87' lang='lat' dir='ltr'>utiles</span> <span class='ocrx_word' id='word_1_184' title='bbox 1367 1671 1626 1730; x_wconf 77' lang='lat' dir='ltr'>acquirendi.</span> 
     </span>
     <span class='ocr_line' id='line_1_24' title="bbox 206 1743 1628 1804; baseline 0 -16"><span class='ocrx_word' id='word_1_185' title='bbox 206 1747 355 1804; x_wconf 82' lang='lat' dir='ltr'>Itaque</span> <span class='ocrx_word' id='word_1_186' title='bbox 389 1747 480 1788; x_wconf 80' lang='lat' dir='ltr'>iura</span> <span class='ocrx_word' id='word_1_187' title='bbox 512 1745 638 1788; x_wconf 88' lang='lat' dir='ltr'>etiam</span> <span class='ocrx_word' id='word_1_188' title='bbox 674 1745 878 1802; x_wconf 76' lang='lat' dir='ltr'>acquisita</span> <span class='ocrx_word' id='word_1_189' title='bbox 913 1743 1145 1787; x_wconf 84' lang='lat' dir='ltr'>fundantur</span> <span class='ocrx_word' id='word_1_190' title='bbox 1178 1743 1351 1788; x_wconf 87' lang='lat' dir='ltr'>tandem</span> <span class='ocrx_word' id='word_1_191' title='bbox 1386 1745 1428 1799; x_wconf 86' lang='lat' dir='ltr'>in</span> <span class='ocrx_word' id='word_1_192' title='bbox 1466 1756 1628 1801; x_wconf 85' lang='lat' dir='ltr'>natura,</span> 
     </span>
     <span class='ocr_line' id='line_1_25' title="bbox 203 1815 1597 1876; baseline -0.002 -14"><span class='ocrx_word' id='word_1_193' title='bbox 203 1832 246 1863; x_wconf 91' lang='lat' dir='ltr'>et</span> <span class='ocrx_word' id='word_1_194' title='bbox 279 1816 458 1876; x_wconf 84' lang='lat' dir='ltr'>proinde</span> <span class='ocrx_word' id='word_1_195' title='bbox 491 1829 589 1858; x_wconf 85' lang='lat' dir='ltr'>sunt</span> <span class='ocrx_word' id='word_1_196' title='bbox 623 1828 662 1858; x_wconf 87' lang='lat' dir='ltr'>et</span> <span class='ocrx_word' id='word_1_197' title='bbox 696 1815 786 1872; x_wconf 78' lang='lat' dir='ltr'>ipsa</span> <span class='ocrx_word' id='word_1_198' title='bbox 816 1815 989 1858; x_wconf 88' lang='lat' dir='ltr'>tandem</span> <span class='ocrx_word' id='word_1_199' title='bbox 1024 1831 1044 1857; x_wconf 85' lang='lat' dir='ltr'>a</span> <span class='ocrx_word' id='word_1_200' title='bbox 1077 1816 1173 1858; x_wconf 91' lang='lat' dir='ltr'>Deo</span> <span class='ocrx_word' id='word_1_201' title='bbox 1206 1828 1380 1859; x_wconf 78' lang='lat' dir='ltr'>naturae</span> <span class='ocrx_word' id='word_1_202' title='bbox 1411 1828 1597 1859; x_wconf 67' lang='lat' dir='ltr'>auctore.</span> 
     </span>
    </p>

    <p class='ocr_par' dir='ltr' id='par_1_5' title="bbox 208 1878 1634 2376">
     <span class='ocr_line' id='line_1_26' title="bbox 326 1878 1628 1946; baseline -0.001 -15"><span class='ocrx_word' id='word_1_203' title='bbox 326 1890 451 1942; x_wconf 82' lang='lat' dir='ltr'>Quae</span> <span class='ocrx_word' id='word_1_204' title='bbox 472 1889 629 1931; x_wconf 76' lang='lat' dir='ltr'>veritas</span> <span class='ocrx_word' id='word_1_205' title='bbox 653 1903 704 1930; x_wconf 81' lang='lat' dir='ltr'>ex</span> <span class='ocrx_word' id='word_1_206' title='bbox 723 1903 774 1931; x_wconf 91' lang='lat' dir='ltr'>eo</span> <span class='ocrx_word' id='word_1_207' title='bbox 799 1889 925 1930; x_wconf 80' lang='lat' dir='ltr'>etiam</span> <span class='ocrx_word' id='word_1_208' title='bbox 945 1900 1132 1946; x_wconf 81' lang='lat' dir='ltr'>apparet,</span> <span class='ocrx_word' id='word_1_209' title='bbox 1155 1887 1271 1945; x_wconf 87' lang='lat' dir='ltr'>quod</span> <span class='ocrx_word' id='word_1_210' title='bbox 1289 1900 1429 1945; x_wconf 88' lang='lat' dir='ltr'>potest</span> <span class='ocrx_word' id='word_1_211' title='bbox 1452 1878 1628 1945; x_wconf 88' lang='lat' dir='ltr'>quidem</span> 
     </span>
     <span class='ocr_line' id='line_1_27' title="bbox 208 1958 1628 2018; baseline -0.001 -14"><span class='ocrx_word' id='word_1_212' title='bbox 208 1962 342 2004; x_wconf 90' lang='lat' dir='ltr'>homo</span> <span class='ocrx_word' id='word_1_213' title='bbox 378 1976 538 2018; x_wconf 88' lang='lat' dir='ltr'>ponere</span> <span class='ocrx_word' id='word_1_214' title='bbox 571 1959 636 2003; x_wconf 78' lang='lat' dir='ltr'>vel</span> <span class='ocrx_word' id='word_1_215' title='bbox 667 1975 753 2003; x_wconf 89' lang='lat' dir='ltr'>non</span> <span class='ocrx_word' id='word_1_216' title='bbox 790 1976 948 2018; x_wconf 90' lang='lat' dir='ltr'>ponere</span> <span class='ocrx_word' id='word_1_217' title='bbox 982 1959 1142 2003; x_wconf 81' lang='lat' dir='ltr'>factum</span> <span class='ocrx_word' id='word_1_218' title='bbox 1167 1958 1270 2003; x_wconf 90' lang='lat' dir='ltr'>illud</span> <span class='ocrx_word' id='word_1_219' title='bbox 1303 1959 1499 2017; x_wconf 81' lang='lat' dir='ltr'>speciale,</span> <span class='ocrx_word' id='word_1_220' title='bbox 1526 1975 1561 2002; x_wconf 92' lang='lat' dir='ltr'>e.</span> <span class='ocrx_word' id='word_1_221' title='bbox 1586 1975 1628 2017; x_wconf 86' lang='lat' dir='ltr'>g.</span> 
     </span>
     <span class='ocr_line' id='line_1_28' title="bbox 208 2031 1630 2092; baseline -0.002 -16"><span class='ocrx_word' id='word_1_222' title='bbox 208 2033 520 2090; x_wconf 74' lang='lat' dir='ltr'>occupationis,</span> <span class='ocrx_word' id='word_1_223' title='bbox 543 2033 651 2075; x_wconf 87' lang='lat' dir='ltr'>inire</span> <span class='ocrx_word' id='word_1_224' title='bbox 674 2032 738 2075; x_wconf 86' lang='lat' dir='ltr'>vel</span> <span class='ocrx_word' id='word_1_225' title='bbox 761 2038 850 2075; x_wconf 78' lang='lat' dir='ltr'>non</span> <span class='ocrx_word' id='word_1_226' title='bbox 882 2033 987 2075; x_wconf 80' lang='lat' dir='ltr'>inire</span> <span class='ocrx_word' id='word_1_227' title='bbox 1012 2031 1132 2075; x_wconf 85' lang='lat' dir='ltr'>illum</span> <span class='ocrx_word' id='word_1_228' title='bbox 1157 2043 1334 2092; x_wconf 76' lang='lat' dir='ltr'>statum,</span> <span class='ocrx_word' id='word_1_229' title='bbox 1360 2047 1394 2075; x_wconf 90' lang='lat' dir='ltr'>e.</span> <span class='ocrx_word' id='word_1_230' title='bbox 1415 2046 1455 2089; x_wconf 87' lang='lat' dir='ltr'>g.</span> <span class='ocrx_word' id='word_1_231' title='bbox 1482 2031 1630 2074; x_wconf 88' lang='lat' dir='ltr'>coniu-</span> 
     </span>
     <span class='ocr_line' id='line_1_29' title="bbox 208 2103 1632 2162; baseline -0.001 -15"><span class='ocrx_word' id='word_1_232' title='bbox 208 2105 362 2162; x_wconf 82' lang='lat' dir='ltr'>galem:</span> <span class='ocrx_word' id='word_1_233' title='bbox 396 2104 470 2147; x_wconf 81' lang='lat' dir='ltr'>sed</span> <span class='ocrx_word' id='word_1_234' title='bbox 505 2120 555 2148; x_wconf 89' lang='lat' dir='ltr'>eo</span> <span class='ocrx_word' id='word_1_235' title='bbox 590 2104 700 2147; x_wconf 83' lang='lat' dir='ltr'>facto</span> <span class='ocrx_word' id='word_1_236' title='bbox 732 2105 895 2161; x_wconf 82' lang='lat' dir='ltr'>posito,</span> <span class='ocrx_word' id='word_1_237' title='bbox 930 2120 981 2146; x_wconf 93' lang='lat' dir='ltr'>eo</span> <span class='ocrx_word' id='word_1_238' title='bbox 1015 2116 1126 2147; x_wconf 85' lang='lat' dir='ltr'>statu</span> <span class='ocrx_word' id='word_1_239' title='bbox 1162 2115 1389 2161; x_wconf 81' lang='lat' dir='ltr'>suscepto,</span> <span class='ocrx_word' id='word_1_240' title='bbox 1425 2103 1510 2146; x_wconf 86' lang='lat' dir='ltr'>iam</span> <span class='ocrx_word' id='word_1_241' title='bbox 1543 2117 1632 2146; x_wconf 89' lang='lat' dir='ltr'>non</span> 
     </span>
     <span class='ocr_line' id='line_1_30' title="bbox 209 2173 1632 2234; baseline -0.001 -16"><span class='ocrx_word' id='word_1_242' title='bbox 209 2188 349 2234; x_wconf 88' lang='lat' dir='ltr'>potest</span> <span class='ocrx_word' id='word_1_243' title='bbox 383 2175 605 2218; x_wconf 81' lang='lat' dir='ltr'>excludere</span> <span class='ocrx_word' id='word_1_244' title='bbox 637 2191 712 2218; x_wconf 86' lang='lat' dir='ltr'>seu</span> <span class='ocrx_word' id='word_1_245' title='bbox 746 2175 955 2232; x_wconf 82' lang='lat' dir='ltr'>impedire</span> <span class='ocrx_word' id='word_1_246' title='bbox 989 2175 1054 2217; x_wconf 87' lang='lat' dir='ltr'>ius</span> <span class='ocrx_word' id='word_1_247' title='bbox 1080 2173 1426 2232; x_wconf 79' lang='lat' dir='ltr'>independenter</span> <span class='ocrx_word' id='word_1_248' title='bbox 1457 2173 1507 2217; x_wconf 87' lang='lat' dir='ltr'>ab</span> <span class='ocrx_word' id='word_1_249' title='bbox 1541 2173 1632 2217; x_wconf 86' lang='lat' dir='ltr'>eius</span> 
     </span>
     <span class='ocr_line' id='line_1_31' title="bbox 208 2243 1634 2303; baseline -0.002 -14"><span class='ocrx_word' id='word_1_250' title='bbox 208 2246 426 2290; x_wconf 79' lang='lat' dir='ltr'>voluntate</span> <span class='ocrx_word' id='word_1_251' title='bbox 460 2259 498 2289; x_wconf 88' lang='lat' dir='ltr'>et</span> <span class='ocrx_word' id='word_1_252' title='bbox 531 2246 716 2302; x_wconf 77' lang='lat' dir='ltr'>aliunde,</span> <span class='ocrx_word' id='word_1_253' title='bbox 751 2261 906 2303; x_wconf 89' lang='lat' dir='ltr'>nempe</span> <span class='ocrx_word' id='word_1_254' title='bbox 939 2261 960 2288; x_wconf 86' lang='lat' dir='ltr'>a</span> <span class='ocrx_word' id='word_1_255' title='bbox 993 2245 1086 2302; x_wconf 84' lang='lat' dir='ltr'>lege</span> <span class='ocrx_word' id='word_1_256' title='bbox 1119 2244 1297 2288; x_wconf 81' lang='lat' dir='ltr'>naturali</span> <span class='ocrx_word' id='word_1_257' title='bbox 1340 2244 1406 2287; x_wconf 88' lang='lat' dir='ltr'>vel</span> <span class='ocrx_word' id='word_1_258' title='bbox 1448 2243 1634 2302; x_wconf 84' lang='lat' dir='ltr'>positiva</span> 
     </span>
     <span class='ocr_line' id='line_1_32' title="bbox 209 2314 1634 2376; baseline -0.002 -15"><span class='ocrx_word' id='word_1_259' title='bbox 209 2317 383 2361; x_wconf 88' lang='lat' dir='ltr'>fundata</span> <span class='ocrx_word' id='word_1_260' title='bbox 416 2318 457 2360; x_wconf 91' lang='lat' dir='ltr'>in</span> <span class='ocrx_word' id='word_1_261' title='bbox 490 2318 683 2375; x_wconf 80' lang='lat' dir='ltr'>naturali,</span> <span class='ocrx_word' id='word_1_262' title='bbox 716 2317 912 2376; x_wconf 85' lang='lat' dir='ltr'>protinus</span> <span class='ocrx_word' id='word_1_263' title='bbox 947 2331 1194 2375; x_wconf 86' lang='lat' dir='ltr'>erumpens,</span> <span class='ocrx_word' id='word_1_264' title='bbox 1227 2332 1262 2360; x_wconf 90' lang='lat' dir='ltr'>e.</span> <span class='ocrx_word' id='word_1_265' title='bbox 1297 2331 1338 2373; x_wconf 83' lang='lat' dir='ltr'>g.</span> <span class='ocrx_word' id='word_1_266' title='bbox 1379 2317 1444 2358; x_wconf 85' lang='lat' dir='ltr'>ius</span> <span class='ocrx_word' id='word_1_267' title='bbox 1493 2314 1634 2360; x_wconf 83' lang='lat' dir='ltr'>exclu-</span> 
     </span>
    </p>
   </div>
   <div class='ocr_carea' id='block_1_4' title="bbox 307 2578 1001 2626">
    <p class='ocr_par' dir='ltr' id='par_1_6' title="bbox 307 2578 1001 2626">
     <span class='ocr_line' id='line_1_33' title="bbox 307 2578 1001 2626; baseline 0.003 -14"><span class='ocrx_word' id='word_1_268' title='bbox 307 2578 361 2623; x_wconf 81' lang='lat'>(1)</span> <span class='ocrx_word' id='word_1_269' title='bbox 388 2579 481 2614; x_wconf 86' lang='lat' dir='ltr'>Vide</span> <span class='ocrx_word' id='word_1_270' title='bbox 508 2590 623 2625; x_wconf 87' lang='lat' dir='ltr'>super.</span> <span class='ocrx_word' id='word_1_271' title='bbox 650 2578 729 2614; x_wconf 84' lang='lat' dir='ltr'>thes</span> <span class='ocrx_word' id='word_1_272' title='bbox 768 2579 811 2615; x_wconf 86' lang='grc' dir='ltr'>ΙΙ.</span> <span class='ocrx_word' id='word_1_273' title='bbox 838 2590 918 2625; x_wconf 83' lang='lat' dir='ltr'>pag.</span> <span class='ocrx_word' id='word_1_274' title='bbox 948 2591 1001 2626; x_wconf 82' lang='lat'>33.</span> 
     </span>
    </p>
   </div>
  </div>
 </body>
</html>
