1737 2802
702 114 971 157 „291-

111 199 206 242 siae
237 195 384 242 fideles
419 195 810 254 Hierosolymitani
843 195 1110 255 aliquamdiu
1156 193 1443 255 observarunt
1479 196 1559 255 (1).

115 269 170 313 In
204 281 318 313 tanta
349 283 454 311 vero
488 267 720 311 hominum
759 268 1036 312 multitudine
1073 266 1230 311 modus
1266 266 1335 310 ille
1388 267 1561 311 vivendi

113 340 237 385 utilis
271 355 359 383 non
391 351 518 392 esset,
563 340 662 397 quia
695 339 903 397 perfectio
953 339 1067 397 apud
1118 354 1283 396 paucos
1333 340 1560 396 reperitur.

121 411 248 456 Unde
282 422 499 454 crescente
532 409 727 453 fidelium
751 410 1046 464 multitudine,
1072 410 1269 467 oportuit
1303 408 1450 453 fideles
1484 409 1560 453 do-

117 484 258 527 minia
292 484 421 526 etiarn
455 492 597 525 rerum
633 484 795 539 privata
828 483 1022 525 retinere.
1062 481 1200 536 Quod
1235 482 1364 525 etiam
1397 482 1440 524 in
1463 482 1559 540 ipso

116 566 234 598 statu
271 553 542 598 Clericorum
578 553 738 596 factum
773 567 853 606 est,
879 554 951 611 qui
986 569 1085 596 cum
1120 554 1245 596 initio
1271 554 1404 596 vitam
1427 554 1555 596 etiarn

112 641 402 670 communem
427 638 615 683 agerent,
641 638 857 668 crescente
880 637 1024 668 tamen
1050 640 1204 668 eorum
1230 640 1430 681 numero,
1453 640 1556 682 pro-

117 711 212 757 pter
246 697 395 741 eadem
430 698 778 740 inconvenientia
811 698 1017 754 oportuit,
1056 696 1173 755 quod
1210 697 1439 754 proprium
1473 695 1555 740 ha-

116 769 281 826 berent,
315 781 356 812 et
389 770 472 811 vita
496 768 563 811 illa
598 770 844 812 communis
868 769 980 826 apud
1016 784 1174 826 paucos
1200 781 1240 812 et
1273 769 1444 821 electos,
1470 769 1554 813 hoc

113 853 184 885 est
215 856 347 898 penes
384 841 648 898 Religiosos‚
685 841 953 884 retineretur.
987 858 1006 880 »
1495 836 1524 858 ‘⁸

239 914 354 957 Vere
388 914 520 969 igitur
553 911 773 954 bonorum
809 913 1064 955 communio
1100 912 1142 954 in
1189 911 1298 954 civili
1350 913 1554 956 societate

116 983 265 1027 'haberi
300 985 461 1041 nequit.
495 984 596 1027 Non
633 982 788 1026 debent
820 999 920 1026 sane
954 999 1001 1025 ea
1034 984 1235 1040 supponi,
1266 999 1374 1040 quae
1406 999 1554 1041 reapse

113 1071 207 1099 non
242 1069 358 1109 sunt,
395 1057 421 1099 i.
456 1072 491 1099 e.
527 1068 716 1098 rectores
752 1070 905 1098 omnes
944 1056 1159 1098 societatis
1196 1055 1331 1098 civilis
1382 1071 1428 1098 ac
1475 1072 1554 1099 su—

114 1125 371 1170 bordinatos
406 1143 559 1170 omnes
595 1127 870 1183 magistratus
906 1142 998 1169 esse
1024 1126 1393 1183 prudentissimos
1428 1140 1556 1185 atque

118 1199 402 1254 iustissimos,
451 1198 646 1240 subditos
696 1199 852 1255 pariter
902 1213 1055 1240 omnes
1106 1210 1256 1240 mutua
1310 1198 1556 1257 concordia,

112 1268 374 1325 frugalitate,
408 1268 603 1312 laborum
638 1270 853 1326 patientia,
889 1270 1046 1326 patriae
1081 1285 1228 1312 amore
1276 1282 1552 1327 praestantes.

115 1340 296 1383 Etiamsi
332 1339 435 1383 haec
460 1341 607 1383 omnia
642 1339 856 1396 adessent,
882 1355 968 1382 non
992 1339 1150 1383 idcirco
1185 1353 1328 1384 tamen
1361 1340 1555 1384 dominia

115 1411 279 1469 privata
311 1424 488 1469 possent
537 1411 704 1454 excludi
738 1411 816 1469 (2).
855 1411 1035 1463 Quanto
1074 1412 1213 1468 magis
1249 1410 1417 1454 excludi
1466 1427 1549 1455 ne-

110 1495 300 1540 queunt,
337 1499 435 1526 cum
481 1499 527 1526 ea
563 1484 710 1526 onmia
759 1481 877 1525 facile
922 1482 1097 1540 quidem
1148 1495 1463 1540 supponantur,
1497 1484 1552 1526 sit

119 1566 264 1598 autem
299 1553 518 1596 moraliter
553 1553 835 1610 impossibile,
871 1553 988 1610 quod
1038 1569 1186 1611 reapse
1220 1554 1262 1596 in
1315 1554 1428 1597 civili
1475 1570 1554 1598 so-

114 1626 270 1668 cietate
304 1623 456 1668 adsint.

213 1861 268 1906 (1)
294 1861 334 1895 In
362 1863 442 1896 Act.
470 1863 538 1907 Ap.
569 1874 645 1908 cap.
675 1863 735 1898 IV.
763 1875 794 1898 v.
828 1873 878 1904 14.
907 1863 1040 1909 legitur
1078 1864 1121 1898 de
1157 1864 1349 1910 primitivis
1388 1864 1554 1901 fidelibus

112 1922 474 1968 Hierosolymitanis:
504 1923 735 1968 «Quotquot
777 1934 1005 1968 possessores
1046 1934 1217 1969 agrorum
1258 1933 1317 1959 aut
1357 1924 1554 1959 domorum

107 1990 228 2023 -erant,
243 1981 440 2016 vendentes
468 1981 668 2016 afferebant
696 1983 808 2027 pretia
835 1993 978 2025 eorum,
1006 1993 1094 2027 quae
1122 1983 1340 2022 vendebant,
1367 1992 1402 2018 et
1436 1995 1554 2029 pone-

115 2040 201 2074 bant
227 2048 310 2074 ante
344 2039 452 2085 pedes
491 2039 771 2084 Apostolorum.
812 2040 1049 2075 Dividebatur
1089 2050 1211 2075 autem
1252 2041 1407 2086 singulis
1446 2051 1554 2088 prout

115 2100 245 2145 cuique
272 2108 365 2145 opus
394 2109 512 2134 erat.»
543 2119 587 2125 -
616 2099 654 2133 Id
681 2109 800 2134 autem
830 2099 1006 2134 faciebant
1035 2113 1075 2134 ex
1103 2101 1212 2135 libera
1237 2101 1424 2136 voluntate.
1460 2102 1554 2137 Hinc

114 2169 142 2193 s.
170 2160 296 2194 Petrus
322 2161 516 2202 Ananiam,
546 2159 604 2206 qui
638 2159 680 2193 de
709 2160 824 2204 pretio
855 2161 931 2205 agri
960 2160 1096 2194 venditi
1124 2169 1265 2205 partem
1294 2161 1552 2196 tantummodo

114 2218 245 2259 attulit,
273 2219 452 2264 redarguit
481 2219 601 2253 solum
629 2219 672 2253 de
715 2219 918 2258 mendacio,
949 2231 1027 2265 cap.
1054 2219 1098 2254 V.
1125 2232 1158 2256 v,
1189 2229 1230 2263 3.:
1275 2221 1464 2264 «Anania,
1493 2233 1555 2257 cur

112 2278 265 2312 tentavit
292 2286 436 2312 satanas
462 2288 524 2312 cor
549 2286 666 2320 tuum,
697 2278 843 2313 mentiri
870 2287 904 2312 te
933 2278 1081 2324 Spiritui
1109 2288 1237 2314 sancto
1266 2289 1298 2315 et
1320 2279 1482 2316 fraudare
1509 2283 1553 2318 de

113 2337 232 2382 pretio
260 2335 364 2382 agri?
389 2337 521 2371 Nonne
560 2348 712 2371 manens
751 2338 815 2372 tibi
855 2338 1035 2379 manebat,
1064 2347 1098 2373 et
1137 2339 1402 2374 venumdatum
1430 2341 1464 2374 in
1491 2350 1552 2376 tua

111 2404 189 2430 erat
216 2403 395 2441 potestate
410 2395 450 2430 22»
1251 2423 1255 2430 .

210 2443 264 2488 (2)
290 2444 343 2478 Ad
374 2455 450 2477 rem
478 2444 613 2478 faciunt
641 2455 696 2488 ea,
723 2455 813 2491 quae
840 2444 949 2479 habet
969 2445 1110 2487 Suarez‚
1129 2445 1174 2481 de
1192 2457 1248 2491 op.
1272 2457 1335 2481 sex
1361 2447 1449 2482 dier.
1467 2448 1491 2482 l.
1508 2448 1554 2485 V.

104 2511 143 2535 c.
170 2512 202 2546 7.
230 2513 329 2536 num.
361 2502 425 2544 13.²
456 2513 566 2548 agens
597 2502 640 2536 de
666 2512 760 2538 statu
801 2504 835 2537 in
875 2515 946 2550 quo
990 2503 1158 2538 homines
1199 2503 1351 2539 fuissent
1378 2507 1408 2540 si
1434 2506 1554 2540 Adam

107 2570 191 2594 non
218 2571 416 2608 peccasset:
443 2562 563 2597 «Non
592 2563 732 2598 videtur
759 2573 836 2598 esse
869 2563 996 2598 datum
1036 2565 1071 2598 in
1115 2563 1184 2599 illo
1224 2573 1318 2599 statu
1351 2564 1556 2612 (originalis
