1737 2802
685 102 951 158 -289-

105 226 162 234 —
194 201 292 246 Alio
325 198 461 251 modo,
496 199 594 257 quia
629 197 870 241 ordinatius
903 211 969 240 res
1019 194 1232 238 humanae
1280 206 1534 248 tractantur,

106 273 141 315 si
176 270 358 328 singulis
405 271 630 313 immineat
679 269 856 327 propria
904 283 1004 311 cura
1052 266 1230 310 alicuius
1265 267 1325 310 rei
1375 281 1537 323 procu-

106 341 274 386 randae:
298 354 409 385 esset
439 353 583 383 autem
617 339 832 394 confusio,
855 340 891 382 si
925 338 1105 396 quilibet
1138 337 1384 380 indistincte
1409 352 1538 394 quae-

106 413 206 457 libet
241 425 506 471 procuraret.
540 437 598 445 —
636 411 788 463 Tertio,
825 411 923 468 quia
958 426 1032 468 per
1055 409 1138 452 hoc
1171 409 1309 465 magis
1334 407 1537 465 pacificus

108 496 243 528 status
293 483 525 526 hominum
575 495 867 538 conservatur,
901 480 1005 524 dum
1055 480 1353 537 unusquisque
1387 494 1432 521 re
1464 493 1541 520 sua

109 567 339 599 contentus
374 568 450 599 est:
486 555 599 598 unde
633 553 851 605 videmus,
887 551 1005 610 quod
1040 552 1149 594 inter
1183 565 1274 603 eos,
1308 550 1380 607 qui
1416 564 1542 592 com-

109 627 298 670 muniter
321 638 362 669 et
385 642 435 668 ex
459 625 644 668 indiviso
668 623 830 682 aliquid
854 622 1096 680 possident,
1117 620 1383 678 frequentius
1402 620 1542 676 iurgia

109 700 320 743 oriuntur.
341 717 363 738 »

229 769 559 813 Communistas
593 779 925 825 strenueurget
958 766 1081 822 Gury
1113 764 1184 823 (Ι)
1219 764 1335 806 hisce
1382 762 1538 806 verbis:

114 838 380 883 «Possideat
424 839 572 880 omnia
620 837 732 881 bona
779 836 869 880 sola
918 834 1188 893 Respublica,
1223 846 1263 877 et
1298 834 1409 876 cives
1459 833 1543 874 sint

111 910 313 968 operarii.
348 935 405 942 —
438 910 604 952 Verum
638 907 760 965 quale
793 907 928 950 aderit
964 905 1256 949 laborantibus
1290 905 1544 947 incitamen-

110 983 236 1025 tum?
271 982 385 1034 Quis
418 980 573 1023 laboris
607 995 743 1036 genus
778 978 962 1036 singulis
997 976 1261 1034 assignabit?
1296 974 1543 1028 Quomodo

110 1053 248 1096 victus
283 1052 562 1110 quotidianus
597 1063 638 1093 et
671 1051 981 1093 vestimentum
1004 1047 1209 1092 omnibus
1244 1047 1547 1090 subministra-

111 1125 254 1168 bitur?
272 1125 430 1168 Nonne
454 1123 697 1179 requiretur
716 1121 828 1178 legio
848 1120 1233 1178 praepositorum?
1252 1119 1334 1162 Sed
1352 1119 1435 1160 iam
1454 1133 1544 1160 non

113 1211 266 1239 omnes
302 1196 431 1252 igitur
467 1194 583 1237 duris
617 1192 837 1236 laboribus
862 1191 1090 1235 addicendi
1123 1203 1235 1234 sunt.
1266 1189 1545 1242 Quibusnam

109 1283 215 1310 vero
248 1266 468 1309 incumbet
501 1264 694 1308 officium
729 1264 1081 1322 praepositorum
1125 1261 1192 1304 Vel
1216 1287 1219 1289 ·
1241 1261 1547 1304 subditorum?

113 1338 234 1393 Quid
269 1339 320 1382 de
354 1338 560 1394 aegrotis,
595 1336 794 1392 infirmis,
827 1334 1023 1391 senibus,
1056 1334 1232 1391 pueris?
1266 1332 1370 1390 quid
1404 1334 1455 1375 de
1488 1331 1546 1374 fa-

114 1410 259 1454 milia?
293 1409 395 1468 quid
431 1409 482 1451 de
531 1407 683 1451 officiis
716 1408 881 1450 mutuis
931 1418 1129 1464 parentes
1164 1406 1273 1448 inter
1316 1416 1356 1447 et
1402 1402 1547 1446 filios?

113 1480 340 1540 quomodo
364 1478 637 1524 discernendi
661 1491 785 1521 erunt
817 1480 907 1520 veri
932 1476 1091 1520 infirmi
1122 1476 1172 1518 ad
1196 1475 1388 1518 laborem
1412 1474 1547 1532 inepti

114 1553 163 1596 ab
187 1553 442 1605 innumeris,
467 1552 541 1609 qui
564 1550 866 1608 impotentiam
895 1548 1189 1591 simulalm‘nt?
1223 1547 1327 1604 quid
1352 1547 1404 1590 de
1428 1561 1548 1590 corn-

115 1625 308 1668 mercio?
343 1623 394 1666 de
429 1622 622 1666 artibus?
656 1622 709 1665 de
743 1622 924 1664 litteris?
959 1620 1011 1662 de
1045 1620 1235 1662 scientiis
1268 1619 1312 1660 in
1346 1618 1548 1660 societate

115 1695 383 1747 necessariis,
418 1712 456 1737 v,
492 1710 530 1751 g.
566 1695 689 1746 iuris,
726 1692 995 1735 medicinae?
1020 1709 1042 1731 »

235 1766 358 1820 Quid
392 1782 511 1823 ergo,
547 1779 593 1808 ut
626 1765 734 1808 hanc
778 1765 937 1807 thesim
988 1762 1311 1815 concludamus,
1346 1760 1449 1819 quid
1498 1760 1550 1804 de

114 1839 405 1882 communismo
455 1837 687 1881 dicendum
741 1837 835 1880 est?
882 1861 942 1867 -——
989 1836 1045 1888 Is,
1079 1847 1125 1877 ut
1172 1834 1430 1877 Aristoteles
1480 1834 1552 1890 ait,

113 1909 259 1966 primo
282 1908 459 1967 quidem
497 1908 701 1966 adspectu
726 1908 950 1964 speciosus
985 1920 1024 1950 et
1058 1906 1274 1949 humanus
1300 1921 1393 1949 esse
1417 1905 1550 1949 videri

115 1992 275 2038 potest,
307 1978 586 2041 εὐπρόσωπος
635 1975 712 2022 καὶ
758 1977 1071 2039 φιλάνθρωπσς
1124 1977 1178 2020 ἂν
1227 1968 1334 2020 εἶναι
1383 1975 1553 2031 &beses-2:

116 2051 247 2109 idque
280 2050 334 2095 ob
369 2051 493 2109 mala,
527 2066 637 2109 quae
687 2051 914 2093 occasione
956 2049 1139 2092 dominii
1188 2050 1341 2106 privati
1375 2065 1427 2092 ex
1472 2064 1554 2091 ne-

120 2123 254 2180 quitia
286 2122 521 2166 hominum
556 2134 812 2178 exsurgunt,
846 2137 1041 2179 quaeque
1081 2121 1434 2164 communismus
1483 2135 1555 2163 re—

212 2345 268 2392 (1)
296 2345 384 2380 Loc.
412 2344 485 2378 iarn
515 2344 572 2380 cit.
600 2363 644 2370 —
672 2344 838 2390 Systema
871 2343 1198 2378 communistarum
1236 2344 1410 2390 proponit
1450 2352 1485 2378 et
1523 2345 1559 2378 in

118 2407 231 2440 risum
258 2403 363 2438 vertit
390 2403 653 2449 Aristophanes
679 2404 715 2437 in
745 2403 946 2444 comoedia,
976 2403 1032 2436 cui
1073 2403 1200 2437 titulus
1234 2403 1557 2444 ἐκκὶησιάζουσαι.

121 2465 274 2510 «Agros
303 2463 423 2509 primo
449 2462 511 2507 (en
541 2473 773 2508 programma
802 2462 1049 2508 Praxagorae)
1078 2461 1208 2496 faciam
1245 2461 1418 2495 omnibus
1459 2471 1560 2494 com-

118 2533 247 2558 munes
274 2531 308 2557 et
334 2521 506 2568 pecunias
534 2530 567 2556 et
594 2521 661 2555 alia
689 2533 778 2568 quae
818 2521 1106 2568 uniuscuiusque
1147 2529 1241 2556 sunt.
1269 2520 1365 2554 Dein
1405 2531 1448 2553 ex
1489 2519 1560 2553 illis

121 2582 301 2623 omnibus,
329 2580 431 2615 factis
459 2581 728 2623 communibus,
758 2591 822 2615 vos
853 2592 984 2616 omnes
1012 2581 1153 2616 alemus
1181 2588 1282 2616 ete.»

1366 2639 1408 2674 19
