1737 2802
646 104 651 110 “
705 131 765 137 -
798 118 882 161 299
916 129 975 139 —

120 203 331 248 dustriam
367 218 565 246 exercere
600 202 866 261 decerneret,
901 203 1117 260 huiusque
1151 218 1252 246 suae
1293 201 1557 246 determina-⁴

119 277 251 320 tionis
274 276 397 333 signa
420 275 571 333 figeret
594 292 670 334 per
692 292 830 319 casam
856 291 985 334 quam
1011 275 1068 318 ibi
1092 276 1287 329 exstruit,
1312 287 1382 322 aut
1405 290 1554 333 sepem

120 363 249 406 quarn
284 349 320 391 ei
346 348 645 391 circumducit.
673 349 824 401 Quare
859 348 929 391 hic
954 347 1129 406 quidem
1153 347 1274 404 alter,
1297 362 1385 390 non
1409 359 1553 390 autem

124 419 195 464 ille
229 420 364 477 prior,
396 419 557 462 factum
592 421 869 477 occupationis
903 431 1098 477 poneret.

243 492 457 544 humero,
493 503 539 534 ut
582 492 624 534 in
674 492 770 534 Iure
821 485 1020 535 Romano
1055 490 1121 548 (1)
1155 489 1330 547 legitur,
1385 507 1405 530 «
1440 488 1557 547 quod

123 575 220 606 ante
243 563 403 606 nullius
428 576 506 620 est,
540 563 580 606 id
604 565 793 607 naturali
817 565 972 608 ratione.
996 564 1224 620 occupanti
1251 561 1547 605 conceditur.»

122 659 179 668 —
213 635 265 677 Et
297 651 396 677 sane
431 635 638 693 quidnam
673 635 846 678 tandem
883 650 946 680 est
980 636 1167 679 naturale
1192 635 1296 679 illud
1330 637 1413 692 ius,
1436 633 1553 692 quod

122 706 291 749 homini
318 707 458 749 inesse
483 707 691 760 diximus,
718 723 782 750 res
819 708 948 750 etiam
973 707 1141 750 stabiles
1175 708 1251 751 sibi
1276 706 1552 765 acquirendi?

123 779 197 821 Est
229 790 419 835 potestas
454 777 559 820 facta
593 778 778 835 homini,
813 791 857 820 ut
894 795 959 821 res
999 784 1120 836 (quas
1169 791 1319 821 natura
1368 777 1554 821 decrevit

120 849 284 892 nemini
320 849 584 905 immediate,
619 851 645 892 i.
680 866 715 893 e.
751 866 840 906 sua,
876 863 920 893 ut
956 851 1015 892 sic
1049 850 1214 908 loquar,
1248 865 1392 906 malm,
1427 849 1553 892 attri-

121 920 252 964 buere
285 936 360 963 seu
395 920 628 979 applicare)
662 922 752 979 ipse
787 923 875 964 suis
912 923 1045 979 capiat
1081 921 1292 978 manibus,
1326 922 1416 978 ipse
1449 936 1551 964 sua-

121 1006 219 1034 rum
254 1007 333 1034 usu
372 994 662 1049 potentiarum
707 992 788 1035 sibi
833 993 1027 1050 applicet,
1062 1008 1149 1035 uno
1198 992 1329 1035 verbo
1379 999 1551 1048 occupet,

121 1078 261 1121 eoque
296 1065 594 1121 occupationis
629 1078 740 1117 ictu,
775 1065 992 1108 dnmmodo
1041 1065 1124 1108 sine
1171 1065 1342 1108 alterius
1391 1065 1547 1107 iniuria

117 1135 209 1190 fiat,
245 1135 324 1178 sibi
360 1138 555 1194 proprias
589 1136 756 1181 efficiat:
784 1137 897 1180 nulla
931 1152 1033 1180 vero
1067 1135 1112 1179 fit
1136 1137 1253 1179 alteri
1287 1137 1455 1189 iniuria,
1479 1134 1551 1178 ubi

120 1207 171 1251 de
204 1207 336 1250 rebus
363 1209 515 1264 agitur,
549 1224 655 1265 quae
689 1221 781 1250 actu
809 1208 969 1250 nullius
1003 1220 1115 1250 sunt.
1143 1208 1258 1251 Haec
1294 1221 1426 1264 porro
1451 1221 1551 1250 con-

118 1277 344 1321 firmantur
377 1279 614 1337 dupliciter:
650 1281 676 1322 i.
712 1295 745 1322 e.
781 1292 875 1322 tum
911 1296 962 1322 ex
998 1280 1190 1321 unanimi
1225 1280 1424 1322 omnium
1466 1278 1552 1322 ho-

119 1351 289 1394 minum
341 1367 573 1407 consensu,
606 1363 701 1394 tum
751 1352 879 1394 etiam
915 1366 966 1394 ex
1015 1352 1233 1405 instinctu,
1268 1367 1354 1408 quo
1394 1365 1548 1393 omnes
1596 1404 1599 1406 q

117 1420 319 1465 homines
353 1422 603 1466 naturaliter
636 1422 835 1465 feruntur
870 1422 921 1465 ad
955 1439 1038 1480 res,
1071 1439 1175 1480 quas
1209 1424 1336 1480 primi
1371 1423 1461 1464 sine
1495 1420 1552 1464 al-

115 1495 248 1537 terius
283 1495 436 1537 iniuria
459 1507 742 1551 occuparunt,
768 1494 1013 1548 servandas,
1036 1510 1192 1551 easque
1225 1495 1259 1536 si
1286 1495 1549 1551 impetantur

117 1564 421 1623 defendendas,
439 1567 473 1608 si
493 1565 650 1609 ablatae
669 1566 826 1609 fuerint
847 1565 1099 1624 repetendas
1118 1578 1339 1623 tamquam
1354 1581 1451 1608 suas
1471 1561 1561 1621 (3).‘

209 1804 265 1848 (1)
293 1804 419 1846 Instit.⁷
439 1804 478 1838 de
504 1815 619 1840 rarum
647 1804 761 1846 clivis„
784 1805 813 1850 ᾗ.
841 1814 891 1838 12.
914 1824 956 1830 —-
977 1802 1050 1839 cfr.
1068 1803 1190 1838 locum
1219 1803 1405 1839 Ciceronis
1434 1803 1543 1849 paulo

115 1872 200 1898 ante
224 1862 372 1897 allatum
401 1875 484 1910 pag.
512 1864 587 1899 280.
614 1864 714 1898 Idem
754 1873 889 1906 auctor,
916 1863 960 1898 de
998 1863 1059 1898 fin.
1086 1864 1171 1898 bon.
1191 1872 1225 1898 et
1252 1864 1338 1899 mal.
1366 1864 1426 1899 III.
1453 1864 1540 1908 280„

118 1937 135 1953 «
151 1923 476 1969 quemadmodum,
502 1924 632 1969 inquit,
651 1923 845 1965 theatrum,
864 1934 975 1969 quum
1004 1933 1203 1957 commune
1222 1924 1280 1964 sit,
1302 1931 1397 1957 recte
1424 1931 1549 1958 tamen

116 1982 186 2016 dici
209 1991 342 2028 potest,
372 1983 445 2017 eius
473 1994 549 2017 esse
576 1994 659 2016 eum
688 1982 826 2024 locum,
857 1994 964 2028 quem
1005 1982 1155 2029 quisque
1197 1984 1395 2028 occuparit,
1423 1984 1474 2017 sic
1513 1982 1550 2016 in

115 2042 202 2076 urbe
229 2043 415 2076 mundove
442 2044 633 2077 communi
661 2043 742 2076 non*
763 2042 973 2076 adversatur
1000 2043 1063 2085 ius,
1092 2042 1287 2088 quominus
1315 2053 1421 2076 suum
1449 2042 1549 2089 quid-

116 2111 184 2146 que
210 2102 384 2148 cuiusque
410 2102 503 2137 sit.»

210 2161 267 2206 (2)
291 2162 385 2196 Vide
411 2173 450 2196 ea
480 2173 570 2208 quae
597 2162 640 2196 de
666 2173 772 2203 voce,
803 2162 1025 2207 mancipium,
1052 2161 1210 2196 diximus
1237 2173 1343 2207 supra
1371 2174 1453 2209 pag.
1473 2172 1546 2205 244.

119 2220 242 2256 adnot.
272 2222 315 2256 II.

206 2281 263 2327 (3)
291 2283 384 2327 Apte
411 2281 608 2327 Taparelli,
637 2283 753 2327 saggio
781 2287 897 2316 teoret.
926 2281 1011 2317 diss.
1040 2281 1082 2316 11.
1121 2292 1202 2327 cap.
1229 2282 1290 2316 IV.
1330 2293 1429 2317 num.
1456 2292 1548 2327 403:

116 2354 132 2371 κ
149 2339 345 2376 Osservate
371 2342 441 2376 due
470 2341 642 2385 fanciulli,
661 2342 728 2376 che
747 2352 904 2378 corrono
931 2353 950 2376 a
977 2353 1063 2388 gara
1081 2353 1143 2388 per
1161 2341 1330 2377 afferrare
1349 2354 1397 2377 un
1417 2354 1542 2389 pomo:

116 2401 139 2436 il
166 2402 345 2436 vincitore
374 2402 441 2436 che
468 2414 512 2436 ne
538 2403 694 2437 avrebbe
713 2411 860 2448 portato
879 2402 914 2436 in
943 2413 1031 2448 pace
1051 2403 1083 2437 la
1111 2403 1248 2449 perdita
1269 2414 1307 2438 se
1336 2402 1432 2438 fosse
1451 2412 1546 2438 stato

113 2471 313 2507 prevenuto
341 2462 398 2497 dal
427 2462 679 2508 competitore,
706 2474 776 2498 con
805 2462 886 2509 qual
914 2473 1021 2497 senso
1049 2463 1084 2497 di
1110 2463 1249 2509 sdegno
1278 2463 1329 2498 sel
1366 2464 1456 2498 vede
1484 2475 1543 2498 ra—

114 2521 203 2568 pite,
229 2533 266 2556 se
293 2522 407 2568 questi
434 2521 622 2556 abusando
643 2521 677 2556 di
697 2533 766 2556 una
786 2521 881 2557 forza
900 2522 1086 2568 superiore
1104 2522 1215 2569 glielo
1235 2523 1360 2570 voglia
1379 2530 1546 2569 strappar

114 2581 151 2617 di
176 2593 336 2617 mano.»
1131 2589 1138 2596 ·
