1737 2802
803 81 1070 124 —128—

221 178 454 236 promissio
489 175 577 219 fieri
612 176 748 234 possit
783 188 824 218 et
859 175 1027 219 homini
1062 188 1101 219 et
1135 176 1249 227 Deo,
1283 188 1436 219 votum
1471 191 1560 222 non
1589 176 1656 221 di-

221 251 329 292 citur
361 249 442 290 nisi
477 248 710 306 promissio
746 246 829 302 illa,
865 262 972 305 quae
1005 245 1051 289 fit
1084 246 1180 289 Deo
1213 247 1288 303 (1).
1324 247 1443 290 Haec
1471 247 1652 306 quidem

222 320 308 364 fieri
334 332 477 378 potest
499 319 564 362 vel
589 334 664 376 per
689 318 824 361 solam
858 319 1112 362 interiorem
1137 317 1501 373 deliberationem,
1526 334 1656 363 secus

222 409 268 436 ac
302 392 539 451 promissio
574 390 621 434 ab
656 390 833 433 homine
867 389 1035 433 homini
1079 388 1199 443 facta,
1248 405 1356 448 quae
1399 402 1573 448 oportet
1606 402 1653 433 ut

222 465 485 522 exprimatur
507 462 648 507 verbis
683 475 753 505 aut
787 462 876 505 aliis
905 462 1089 505 externis
1123 462 1283 518 signis:
1324 479 1344 503 «
1368 460 1504 506 horno
1537 463 1654 505 enim

219 535 336 579 videt
358 551 420 592 ea,
443 551 550 592 quae
574 546 736 592 parent,
772 534 988 576 Dominus
1023 545 1164 575 autem
1198 533 1390 576 intuetur
1424 548 1534 576 cor»
1575 533 1654 592 (2).

219 607 522 652 Nihilominus
557 607 599 648 in
633 605 745 648 votis
780 603 1080 662 nuncupandis
1130 603 1284 648 addere
1333 603 1526 648 solemus
1559 617 1653 648 tum

217 679 600 737 pronuntiationem
633 677 715 720 oris
747 688 840 719 tum
876 677 1145 719 testimonium
1178 675 1374 729 aliorum,
1414 688 1461 719 ut
1493 675 1656 720 scilicet

222 762 264 792 et
296 761 443 792 nostra
477 750 520 792 in
554 749 698 791 Deum
735 747 908 791 devotio
942 748 1080 805 magis
1115 747 1387 801 accendatur,
1418 759 1459 791 et
1482 747 1532 791 ad
1555 761 1655 792 vota

223 819 487 863 observanda
523 817 797 877 impellamur
830 830 1008 876 propter
1042 819 1245 861 timorem
1272 818 1354 861 Dei
1377 829 1503 876 atque
1525 819 1653 862 etiam

222 904 399 950 propter
449 891 737 935 reverentiam
786 889 1035 947 hominum,
1077 891 1149 948 qui
1184 901 1354 933 nostrae
1386 901 1515 933 testes
1548 906 1657 948 pro-

223 964 443 1006 missionis
493 962 625 1006 fuere.
659 987 715 996 —-
750 963 937 1019 Dicitur,
986 962 1030 1004 de
1079 961 1177 1005 bono
1227 962 1396 1006 meliori.
1446 963 1653 1018 Quorum

222 1034 455 1079 verborum
503 1035 564 1077 sic
613 1047 708 1091 apte
757 1035 968 1076 rationem
1017 1034 1204 1090 assignat
1256 1050 1287 1077 s.
1323 1034 1523 1078 Thomas
1556 1034 1654 1094 (3):

229 1124 249 1147 «
281 1107 447 1150 Votum
481 1119 543 1149 est
576 1106 811 1163 promissio
846 1106 942 1149 Deo
977 1104 1096 1148 facta.
1132 1106 1375 1150 Promissio
1410 1118 1554 1150 autem
1589 1119 1656 1150 est

222 1176 415 1230 alicuius,
448 1176 566 1234 quod
600 1176 695 1234 quis
723 1184 799 1233 pro
833 1175 974 1233 aliquo
999 1176 1232 1219 voluntarie
1266 1176 1377 1221 facit.
1409 1178 1514 1222 Non
1538 1178 1656 1221 enim

223 1260 335 1291 esset
383 1248 631 1306 promissio,
675 1247 749 1291 sed
793 1248 1089 1304 comminatio,
1123 1248 1156 1290 si
1191 1249 1286 1305 quis
1321 1248 1479 1293 diceret
1511 1258 1657 1293 contra

223 1317 408 1377 aliquem
432 1318 658 1363 facturum.
683 1318 890 1363 Similiter
908 1333 1013 1361 vana
1035 1331 1147 1362 esset
1165 1321 1416 1377 promissio,
1439 1321 1474 1364 si
1498 1320 1659 1380 aliquis-

223 1390 346 1433 alicui
380 1391 648 1448 promitteret
682 1389 740 1447 id,
773 1390 881 1448 quod
916 1392 951 1434 ei
984 1407 1062 1434 non
1097 1400 1194 1435 esset
1219 1400 1433 1450 acceptum.
1467 1392 1521 1435 Et
1554 1391 1659 1435 ideo

225 1477 320 1505 cum
355 1476 484 1504 omne
518 1474 738 1519 peccatum
774 1462 828 1504 sit
861 1470 1000 1505 contra
1025 1463 1186 1517 Deum,
1220 1477 1298 1506 nec
1331 1462 1504 1521 aliquod
1541 1477 1657 1520 opus

225 1535 279 1577 sit
321 1534 408 1577 Deo
441 1542 662 1592 acceptum,
714 1535 794 1577 nisi
845 1535 898 1577 sit
945 1536 1208 1591 virtuosum,
1257 1549 1526 1592 consequens
1572 1547 1657 1587 est,

225 1605 342 1664 quod
376 1605 421 1648 dc
455 1605 567 1648 nullo
601 1605 738 1649 illicito
773 1622 850 1648 nec
882 1606 927 1648 de
963 1607 1101 1664 aliquo
1126 1604 1373 1664 indifferenti
1396 1605 1545 1650 debeat
1563 1605 1655 1649 fieri

224 1689 392 1730 votum,
427 1677 499 1720 sed
533 1677 675 1720 solum
712 1678 755 1720 de
788 1678 925 1736 aliquo
949 1687 1042 1722 actu
1065 1679 1240 1722 virtutis.
1270 1677 1355 1722 Sed
1378 1679 1478 1736 quia
1499 1690 1659 1721 votum

225 1750 564 1806 promissionem
599 1750 884 1792 voluntariam
914 1751 1133 1808 importat,
1159 1751 1388 1793 necessitas
1412 1762 1554 1793 autem
1578 1764 1659 1793 vo·

316 1953 369 1997 (1)
399 1951 558 1994 Quando
587 1963 764 1987 vovemus
792 1953 970 1998 quaedam
999 1953 1035 1987 13.
1063 1953 1203 1999 Virgini
1241 1962 1302 1988 aut
1340 1953 1498 1995 Sanctis,
1527 1963 1662 1987 sensus

227 2019 293 2052 est,
322 2012 445 2046 voveri
471 2023 511 2045 ea
532 2012 612 2046 Deo
633 2013 667 2045 in
689 2013 871 2046 honorem
898 2013 937 2046 B.
956 2012 1116 2058 Virginis
1138 2020 1200 2045 aut
1217 2012 1448 2054 Sanctorum,
1470 2011 1507 2046 in
1529 2011 1664 2059 quibus-

225 2070 360 2105 scilicet
388 2070 486 2105 Deus
513 2070 690 2106 inhabitat
717 2072 828 2106 modo
869 2071 1044 2117 peculiari
1070 2081 1175 2118 atque
1202 2071 1334 2110 altiori,
1367 2082 1477 2118 quam
1505 2071 1542 2106 in
1579 2070 1664 2106 aliis.

227 2130 410 2172 creaturis,
445 2131 575 2177 quique
613 2139 696 2164 sunt
736 2130 909 2176 speciales
947 2131 1055 2164 amici
1095 2131 1175 2165 Dei.
1218 2129 1336 2165 Simili
1370 2138 1480 2177 pacto
1517 2129 1659 2176 templa

227 2198 260 2224 et
288 2189 412 2224 altaria
439 2190 658 2225 exstruimus
685 2192 765 2225 Deo
794 2192 828 2224 in
866 2190 1046 2225 honorem
1086 2191 1126 2224 B.
1152 2191 1315 2236 Virginis
1355 2199 1390 2225 et
1429 2190 1664 2225 Sanctorum„

227 2249 350 2291 Quare
378 2260 515 2292 votum,
545 2250 641 2297 quod
671 2250 708 2285 fit
735 2251 867 2285 Sancto
895 2251 1012 2292 alicui,
1032 2250 1123 2285 nihil
1143 2259 1193 2284 est
1214 2250 1311 2284 aliud
1332 2260 1440 2296 quam
1460 2250 1663 2295 promissio

228 2307 318 2342 facta
347 2310 426 2344 Deo
454 2309 662 2344 honorandi
690 2311 905 2344 memoriam
934 2309 1030 2344 illius
1057 2309 1181 2344 Sancti
1211 2308 1399 2344 oblatione
1425 2308 1554 2356 aliqua,
1580 2319 1610 2343 e.
1624 2319 1665 2354 g.

229 2365 421 2402 invisendo
449 2379 483 2403 et
511 2369 675 2403 ornando
703 2369 779 2403 eius
806 2368 1049 2414 sepulchrum.
1069 2369 1148 2403 Hoc
1177 2377 1296 2403 autem
1327 2368 1421 2402 idem
1449 2376 1514 2410 est,
1532 2377 1574 2401 ac
1590 2366 1663 2401 ho—

230 2439 359 2462 norare
385 2429 504 2463 Deum
533 2429 567 2463 in
595 2428 657 2462 illo
685 2440 750 2463 suo
779 2429 928 2464 Sancto.

326 2488 383 2533 (2)
413 2489 450 2522 L.
475 2499 499 2522 1.
527 2489 615 2534 Reg.
641 2488 738 2523 XVI.
769 2499 800 2532 7.

327 2547 379 2593 (3)
405 2548 444 2583 L.
479 2548 538 2582 cit.
568 2557 631 2582 art.
660 2559 692 2582 2.
