1737 2802
1487 16 1492 25 ι
1518 0 1527 33 1
1543 18 1546 20 v
1561 0 1737 43 ενε’·<;;«»ε·ῆῑε;

795 113 854 119 —..
891 100 974 142 320
1006 112 1062 120 —

211 184 368 226 nullius
403 196 478 225 est.
505 183 703 225 Iatnvero
738 197 825 224 non
860 195 923 224 est
947 180 1014 224 lex
1047 182 1200 240 civilis,
1225 181 1299 224 sed
1333 180 1399 224 lex
1426 181 1652 235 naturalis,

213 269 319 311 quae
353 252 629 309 occupationi
664 251 812 294 tribuit
847 251 974 294 talem
1008 252 1111 294 vim:
1145 268 1235 304 seu,
1270 267 1357 295 non
1392 265 1458 295 est
1486 251 1558 296 lex
1581 253 1648 296 ci-

213 324 323 380 vilis,
356 323 428 365 sed
464 323 529 365 lex
564 321 784 375 naturalis,
821 337 928 380 quae
963 321 1046 364 hoc
1094 323 1253 375 statuit,
1287 321 1449 366 actuale
1499 321 1647 366 domi-

214 397 334 438 nium
387 396 445 437 rei
495 410 602 452 quae
651 393 809 436 nullius
858 406 922 436 est
971 393 1133 451 acquiri
1183 408 1256 450 per
1299 394 1651 452 occupationem-

219 487 236 503 «
265 465 401 519 Quod
436 479 532 508 ante
568 464 726 507 nullius
771 478 850 519 est,
887 465 945 506 sic
989 463 1175 520 legimus
1210 465 1249 506 in
1286 464 1381 508 Iure
1430 466 1646 518 Romano,

215 538 256 580 id
290 537 479 579 naturali
513 538 669 579 ratione
704 538 932 594 occupanti
969 536 1231 579 conceditur.
1253 554 1274 574 »
1312 563 1339 567 -
1401 537 1515 580 Inter
1542 537 1649 581 facta

214 609 400 651 derivata
425 608 566 650 locum
588 610 856 665 praecipitium
880 620 1029 650 tenent
1051 617 1291 651 contractus.
1311 608 1478 652 Rursus
1503 620 1646 650 autem

215 696 301 723 non
338 693 399 723 est
433 680 498 722 lex
534 679 686 731 civilis,
722 679 797 722 sed
837 679 901 721 lex
950 679 1168 734 naturalis,
1203 693 1310 736 quae
1361 676 1653 722 contractibus-

214 751 360 794 t1·ibuit
395 750 518 793 talem
556 751 657 793 vim:
693 766 785 805 seu,
820 764 905 793 non
941 762 1004 792 est
1037 749 1103 792 lex
1148 749 1298 801 civilis,
1333 747 1406 791 sed
1453 749 1520 791 lex
1566 763 1651 790 na-

214 822 379 873 turalis,
416 838 523 879 quae
559 822 640 864 hoc
675 823 835 874 statuit,
871 818 1044 863 actuale>
1066 822 1124 863 rei
1173 820 1351 863 alicuius
1401 819 1646 864 dominium

215 893 263 936 ab
299 909 385 936 uno
422 895 461 936 in
500 893 680 936 alterum
715 892 932 936 transferri
969 908 1042 950 per
1091 891 1390 945 donationem,
1426 891 1655 935 venditio·

215 981 315 1008 nem
352 978 430 1008 etc.
940 961 942 963 ’

335 1050 404 1092 92.
440 1038 691 1080 Scriomox.
712 1037 853 1079 Dices:
872 1036 1033 1079 Nonne
1051 1035 1117 1079 lex
1140 1036 1274 1078 civilis
1301 1038 1464 1092 statuit,
1486 1036 1647 1083 actuale

216 1109 275 1151 rei
305 1108 483 1151 alicuius
508 1107 755 1151 dominium
781 1108 941 1165 acquiri
968 1123 1042 1165 per
1068 1107 1454 1165 praescriptionem?
1487 1109 1646 1151 Nonne

215 1178 365 1222 eadem
399 1178 465 1221 lex
498 1180 646 1221 statuit
669 1191 931 1231 contractus,
956 1179 1036 1220 nisi
1063 1178 1131 1221 tali
1167 1177 1232 1220 vel
1265 1179 1335 1220 tali
1363 1178 1498 1221 modo
1531 1177 1655 1235 fiant,

217 1266 309 1293 esse
344 1250 554 1293 invalidos
588 1249 637 1293 ad
674 1250 856 1292 dominii
891 1249 1216 1293 translationem
1253 1248 1557 1293 efficiendam?
1591 1274 1648 1282 -

216 1322 492 1378 Respondeo:
528 1322 589 1364 Ex
623 1321 688 1363 his
723 1321 916 1379 aliisque,
950 1336 1056 1378 quae
1089 1320 1185 1363 addi
1221 1334 1412 1378 possent,
1447 1335 1535 1363 non
1574 1335 1653 1362 se-

216 1393 379 1450 quitur,
415 1394 597 1450 principi
634 1393 744 1435 civili
790 1406 1036 1450 competere
1086 1392 1389 1436 omnimodam
1438 1391 1553 1435 illam
1605 1392 1647 1434 in

217 1464 377 1521 privata
411 1464 572 1506 civium
608 1463 799 1507 dominia
834 1478 1107 1521 potestatem,
1143 1479 1270 1522 quam
1317 1463 1565 1507 Socialistae
1609 1463 1648 1506 ei

217 1534 464 1578 attribuunt:
499 1535 582 1577 hoc
615 1536 809 1593 sequitur
844 1534 1150 1578 tantummodo
1174 1534 1310 1593 (quod
1336 1550 1422 1578 non
1450 1547 1515 1578 est
1548 1549 1654 1592 pro·

216 1605 328 1648 fecto
363 1606 645 1663 negandum),
680 1623 779 1649 eum
815 1622 901 1649 nen
937 1608 1058 1649 omni
1092 1607 1134 1649 in
1168 1607 1331 1663 privata
1367 1606 1529 1648 civium
1563 1604 1654 1648 do-

217 1678 349 1720 minia
383 1676 554 1720 destitui
580 1690 789 1735 potestate
811 1677 896 1736 (t).
921 1677 989 1721 Ad
1013 1693 1105 1720 rem
1130 1676 1287 1721 faciunt
1310 1676 1414 1720 haec
1439 1676 1568 1720 Card.
1593 1675 1648 1719 de

218 1748 343 1804 Lugo
378 1748 438 1804 (2)
470 1747 610 1791 verba:
653 1749 902 1792 «Naturalis
939 1750 1047 1792 ratio
1072 1747 1214 1805 dictat,
1247 1749 1290 1791 in
1315 1749 1650 1792 circumstantiis

220 1817 516 1877 praesentibus
551 1833 724 1863 naturae
758 1820 896 1878 lapsae
923 1832 963 1862 et
998 1820 1227 1863 hominum
1252 1818 1539 1862 multitudinis
1571 1835 1657 1862 ne-

316 2075 368 2122 (1)
396 2076 490 2110 Hinc
517 2084 684 2110 auctores
717 2075 850 2121 duplex
877 2075 1105 2120 distinguunt
1132 2075 1364 2114 dominium,
1392 2071 1518 2106 humile
1549 2080 1584 2107 et
1615 2073 1649 2106 al

220 2140 304 2170 tum.
326 2154 373 2160 —
399 2134 548 2169 Humile
575 2144 627 2169 est
653 2134 859 2169 dominium
889 2134 1113 2180 privatorum
1140 2134 1175 2167 in
1194 2144 1250 2167 res
1279 2131 1446 2178 legitimo
1466 2130 1563 2166 sacto
1583 2130 1651 2165 sibi

221 2194 428 2240 acquisitas.
457 2213 495 2218 -
529 2193 654 2227 Altum
682 2202 734 2227 est
761 2196 830 2233 ius,
859 2192 955 2240 quod
982 2192 1089 2227 habet
1115 2202 1282 2237 suprema
1309 2191 1506 2225 auctoritas
1531 2189 1655 2235 dispo-

220 2255 328 2289 nendi
356 2253 550 2300 aliquando
579 2253 622 2287 de
649 2242 755 2288 bonis
783 2252 1008 2298 privatorum
1046 2253 1092 2285 ob
1131 2251 1382 2285 necessitatem
1421 2249 1508 2285 boni
1546 2260 1656 2284 com·

221 2314 353 2348 munis.
381 2314 419 2347 In
449 2324 520 2359 quo
541 2313 615 2346 iure
642 2311 844 2346 exercendo
874 2311 978 2345 debet
1007 2311 1173 2356 princeps
1192 2309 1282 2344 haec
1301 2320 1440 2344 cavere:
1462 2307 1501 2354 α)
1526 2307 1655 2343 adesse

221 2384 345 2418 reapse
373 2372 480 2406 debet
505 2372 702 2406 necessitas
722 2371 808 2405 boni
827 2371 1046 2404 communis:
1070 2370 1106 2414 Ε)
1134 2370 1314 2404 rationem
1337 2367 1557 2403 necessitatis
1575 2376 1653 2400 non

222 2431 326 2466 debet
353 2430 539 2465 excedere:
566 2431 605 2474 γ)
632 2431 744 2464 vitare
779 2428 883 2462 debet
922 2429 1175 2474 acceptionem
1204 2438 1454 2474 personarum:
1485 2425 1524 2470 δ)
1550 2424 1653 2459 illata

222 2491 368 2530 damna,
395 2489 514 2536 quoad
542 2490 616 2523 eius
644 2489 718 2523 fieri
746 2498 875 2534 potest,
904 2499 1154 2533 compensare.

318 2549 369 2595 (2)
398 2550 452 2583 De
479 2550 561 2583 Just.
589 2559 621 2583 et
650 2549 724 2582 iure
752 2548 844 2594 disp.
875 2548 936 2583 Vs.
963 2557 1048 2581 sect.
1082 2558 1107 2581 1.
1134 2558 1233 2581 num.
1266 2557 1294 2590 ς.
