1737 2802
812 146 869 158 -.-
903 136 958 178 90
991 147 1048 158 -
1131 151 1133 154 .
1493 167 1496 169 η
1727 140 1731 146 ’

212 219 381 277 proprie
415 217 639 274 damnum,
671 217 745 260 sed
785 218 930 274 potius
964 217 1172 261 offensam
1207 217 1325 261 alteri
1343 216 1651 274 inferunt,-'eae

209 305 295 333 non
330 287 538 332 inducunt
568 298 641 347 per
672 304 709 332 5ss
742 305 853 332 onus
877 290 1181 342 restitutionis,
1205 289 1281 334 sed
1303 290 1449 347 potius
1465 289 1648 348 satisfa—

210 371 271 405 ctu
289 362 364 414 nis,
383 376 418 404 e.
453 377 493 417 g.
530 377 601 418 per
633 362 781 404 veniae
816 361 1088 418 petitionem,
1124 360 1327 404 mulctam
1351 360 1536 419 aliquam
1560 372 1647 406 etc.

212 432 315 474 Illae
354 447 486 489 porro
521 433 700 475 iniuriae
734 448 832 475 vere
877 431 1064 475 inferunt
1116 431 1338 489 damnum,
1391 447 1500 490 quae
1547 445 1649 476 sunt

211 503 426 546 laesiones
463 504 566 545 iuris
602 518 676 546 seu
713 504 813 546 iusti
847 503 974 556 illius,
1008 503 1125 561 quod
1158 516 1222 546 est
1255 504 1478 561 proprium
1518 503 1646 546 iusti-
1698 560 1700 563 .

211 577 292 618 tiae
326 576 670 618 commutativae
705 574 939 631 obiectum,
989 591 1198 633 quaeque,
1245 588 1292 618 ut
1339 574 1532 619 diximus
1565 567 1651 634 (Ι),

211 662 435 691 versantur
470 647 536 691 vel
571 648 612 689 in
646 647 770 690 bonis
805 647 1000 691 fortunae
1032 648 1098 691 vel
1130 649 1172 691 in
1206 648 1330 692 bonis
1354 647 1491 691 famae
1511 659 1552 691 et
1570 647 1647 690 ho-

211 721 328 762 noris
352 719 415 762 vel
443 720 483 762 in
519 719 640 762 bonis
664 719 772 761 vitae
807 732 846 762 et
880 719 1089 776 corporis:
1115 718 1358 762 hae‘stricto
1381 713 1499 762 vocis
1519 733 1647 762 sensu

211 791 411 834 dicuntur
435 791 624 833 iniuriae.
660 790 764 834 Aliis
800 790 950 847 verbis„
986 791 1146 833 iustitia
1163 793 1454 834 comminativa
1473 800 1537 833 eSt
1560 789 1648 845 illa,

211 878 317 920 quae
350 861 508 919 obligat
533 862 610 905 sub
644 878 774 905 onere
808 863 1089 905 restitutionis
1124 863 1198 919 (2).
1234 862 1413 906 Ceterae
1447 877 1549 905 vero
1571 862 1648 905 iu-

152 963 157 970 ·
211 935 347 977 stitiae
382 935 544 992 species
577 934 752 992 (legalis,
785 933 1063 990 distributiva,
1098 933 1368 988 vindicati-va,
1393 934 1426 976 si
1451 935 1518 977 cui
1553 932 1648 991 pla-—

212 1017 300 1048 ceat
335 1004 457 1061 hanc,
489 1020 596 1062 quae
630 1004 680 1047 ad
730 1004 1040 1047 distributivam
1091 1004 1323 1061 reducitur,
1356 1005 1416 1047 uti
1451 1016 1650 1062 quartam

308 1266 359 1311 (1)
389 1265 448 1300 Cf.
479 1265 598 1301 eamd.
624 1264 717 1299 thes.
747 1276 827 1310 pag.
860 1273 914 1309 39.

307 1326 361 1371 (2)
390 1325 447 1361 Cf.
491 1337 516 1360 s.
567 1323 787 1373 Thomam„
810 1334 844 1360 2.
875 1335 908 1358 2.
947 1336 978 1371 q.
1019 1323 1077 1359 62.
1114 1337 1145 1359 a.
1185 1335 1242 1360 1.:
1291 1324 1519 1360 «Restitutio
1555 1323 1650 1358 nihi}

211 1385 310 1420 aliud
339 1385 496 1427 videtur,
527 1396 635 1432 quam
663 1383 796 1418 iterato
825 1383 983 1430 aliquam
1025 1393 1181 1418 statuere
1221 1384 1257 1417 in
1292 1384 1566 1430 possessionem
1594 1383 1650 1419 vel

210 1446 420 1480 doninium
459 1444 506 1479 rei
536 1456 645 1486 suae;
675 1453 708 1478 et
738 1445 783 1478 ita
812 1444 845 1477 in
874 1444 1101 1478 restitutione
1127 1443 1323 1479 attenditur
1359 1439 1555 1491 aequalitas
1589 1443 1651 1478 iu-

211 1506 326 1540 stitiae
355 1504 560 1539 secundum
590 1504 975 1549 recompensationem
1003 1504 1054 1538 rei
1081 1504 1124 1537 ad
1153 1515 1241 1546 rem,
1284 1504 1382 1551 quod
1426 1504 1580 1550 pertinet
1605 1503 1651 1538 ad

213 1566 389 1600 iustitiam
419 1565 731 1599 commutativarn.
762 1565 805 1599 Et
833 1564 914 1598 ideo
943 1564 1125 1599 restitutio
1155 1573 1207 1598 est
1233 1573 1334 1599 actus
1366 1563 1654 1599 commutativae

214 1625 384 1659 iustitiae.
415 1624 562 1670 quando
593 1622 732 1658 scilicet
763 1635 818 1657 res
847 1624 950 1658 unius
978 1624 1020 1657 ab
1048 1623 1122 1658 alio
1149 1623 1300 1658 habetur
1325 1623 1382 1658 vel
1421 1635 1485 1670 per
1524 1623 1653 1659 volun-

213 1692 331 1719 tatem
363 1683 451 1727 eius,
479 1683 569 1716 sicut
599 1683 633 1716 in
662 1692 790 1717 mutuo
817 1682 872 1716 vel
902 1682 1080 1729 deposito,
1102 1683 1160 1717 vel
1179 1692 1304 1717 contra
1323 1683 1548 1719 voluntatem
1564 1683 1671 1727 eius,'

214 1743 305 1777 sicut
333 1742 367 1775 in
398 1742 528 1787 rapina
560 1740 620 1774 vel
648 1740 742 1776 furto
757 1753 790 1776 ».
820 1742 939 1775 Immo
969 1743 1003 1775 in
1032 1743 1268 1788 responsione
1301 1742 1344 1776 ad
1379 1748 1436 1777 2¹⁰
1461 1742 1573 1787 addit,
1598 1753 1652 1777 re·

213 1802 441 1836 stitutionem
488 1800 636 1846 proprie
677 1799 746 1833 dici
776 1800 818 1834 de
845 1800 986 1834 iniuriis
1014 1801 1108 1835 circa
1136 1801 1313 1836 exteriora
1340 1799 1506 1836 fortunae
1526 1802 1647 1844 bona3

211 1861 393 1896 «Nomen
436 1860 685 1901 restitutionis,
718 1860 931 1906 inquantum
961 1861 1134 1905 importat
1176 1861 1405 1896 iterationem
1439 1860 1651 1907 quamdam,

214 1921 386 1965 supponit
413 1920 464 1954 rei
490 1919 729 1954 identitatem.
759 1920 801 1954 Et
828 1919 909 1954 ideo
953 1919 1152 1955 secundum
1179 1920 1334 1966 primam
1373 1919 1648 1966 impositionem

213 1981 387 2023 nominis,
417 1979 604 2014 restitutio
638 1979 779 2013 videtur
805 1979 929 2014 locum
956 1979 1088 2014 habere
1115 1980 1307 2026 praecipue
1335 1981 1370 2014 in
1413 1981 1518 2015 rebus
1559 1988 1656 2020 exte—

210 2040 379 2074 rioribus.
409 2051 499 2086 quae
563 2047 754 2073 manentes
798 2038 945 2073 eaedem
973 2049 1007 2073 tt
1035 2040 1234 2074 secundum
1261 2039 1504 2074 substantiam
1529 2047 1564 2074 et
1596 2049 1652 2074 se-

212 2098 370 2132 cundum
398 2098 450 2132 ius
478 2097 643 2140 dominii,
670 2098 712 2131 ab
741 2109 814 2132 uno
843 2108 994 2144 possunt
1021 2098 1063 2132 ad
1093 2098 1191 2133 aliud
1219 2098 1399 2134 devenire.
1445 2098 1517 2134 Sed
1556 2091 1649 2133 sicut

210 2157 254 2191 ab
282 2157 489 2191 huiusmodi
518 2158 622 2191 rebus
649 2168 786 2191 nomen
818 2158 1119 2192 commutationis
1151 2158 1366 2193 translatum
1395 2167 1449 2194 est
1466 2157 1510 2192 ad
1525 2150 1647 2193 actio-

213 2227 277 2250 nes
304 2216 360 2249 vel
388 2216 588 2261 passiones,
616 2227 707 2262 quae
736 2216 890 2262 pertinet
918 2217 960 2251 ad
989 2217 1228 2252 reverentiam
1255 2217 1312 2252 vel
1338 2217 1507 2252 iniuriam
1528 2216 1649 2251 alicu-

212 2275 268 2310 ius
307 2286 482 2321 personae
522 2287 583 2310 seu
611 2285 875 2310 nocumentum
902 2276 958 2310 vel
1001 2275 1235 2322 prof⁴ctum3
1275 2278 1320 2312 ita
1360 2277 1469 2312 etiam
1509 2288 1649 2312 nornen

213 2335 450 2370 restitutionis
476 2335 656 2369 derivatur
682 2336 723 2369 ad
753 2336 852 2375 haec,
881 2348 971 2382 quae
1000 2336 1082 2371 licet
1109 2336 1252 2371 realiter
1279 2347 1353 2371 non
1380 2345 1564 2378 maneant,
1593 2345 1648 2373 ta—

213 2405 299 2428 men
327 2403 474 2428 manent
502 2395 536 2427 in
563 2392 695 2428 effectu
722 2393 778 2428 vel
807 2394 1001 2440 corporali,
1031 2404 1116 2441 puta
1143 2406 1226 2429 curn
1253 2406 1298 2430 ex
1325 2396 1556 2441 percussione
1573 2394 1647 2430 lae-

215 2452 308 2486 ditur
334 2463 480 2497 corpus,
511 2452 567 2486 vel
596 2455 653 2498 qui
683 2462 735 2487 est
766 2453 801 2486 in
829 2453 1007 2498 opinione
1032 2453 1236 2497 hominum,
1261 2455 1354 2489 sicut
1392 2465 1475 2489 cum
1517 2453 1650 2501 aliquis

213 2513 324 2547 verbo
352 2512 598 2557 opprobrioso
625 2522 792 2546 remanet
820 2511 1015 2547 infamatus
1056 2513 1112 2547 vel
1140 2513 1249 2548 etiam
1276 2513 1477 2548 minoratus
1515 2514 1552 2548 in
1577 2525 1647 2549 suo

214 2571 356 2606 honore
367 2583 401 2606 ».
1513 2615 1525 2630 0

1728 169 1737 206 ³⁴,
