1737 2802
624 113 888 170 —189—

0 228 2 233 ⁷
42 211 166 254 ritate
198 208 407 268 procedit,
441 207 594 252 falsum
641 225 734 252 esse
772 225 867 254 non.
907 221 1063 267 potest,
1087 209 1184 252 'nec
1231 211 1466 254 necessaria

43 283 205 326 ratione
237 282 481 340 impugnari
513 280 622 324 valet
653 282 771 339 quod
803 281 957 326 falsum
1000 297 1086 325 non
1121 295 1207 336 est;
1241 281 1344 326 fides
1378 298 1463 326 no-

42 366 126 398 stra
159 378 215 387 —
246 354 495 396 necessariis
527 353 763 396 rationibus
807 355 916 396 sicut
959 353 1126 411 probari
1175 369 1262 397 non
1308 366 1464 412 potest,

41 427 141 485 quia
172 424 406 469 humanam
441 437 630 468 mentem
665 426 835 469 excedit
870 452 926 459 —-
959 427 1015 469 ita
1053 425 1286 484 improbari
1319 442 1462 470 neces-

41 498 148 542 saria
180 498 342 541 ratione
377 511 463 539 non
498 509 656 554 potest,
693 510 870 555 propter
904 498 967 539 sui
1001 499 1280 541 veritatem.»
1316 499 1462 556 Itaque

42 570 296 629 mysterium
321 585 371 611 ex
396 568 492 625 hoc,
526 568 642 626 quod
677 580 739 611 est
770 558 897 626 'supra
928 570 1155 624 rationem,
1190 571 1356 628 nequit,
1379 571 1463 614 nisi

40 657 117 701 per
148 656 371 685 summum
406 639 536 698 nefas,
561 640 641 684 dici
665 649 805 684 contra
829 642 1055 686 rationem:
1075 642 1155 685 dici
1180 642 1461 687 solummodo

39 726 197 773 potest,
245 729 332 756 non
380 728 472 755 esse
518 712 735 755 secundnm
783 714 1009 770 rationem,
1054 727 1262 772 quatenus
1305 716 1464 760 scilicet

47 805 67 828 «
98 785 349 830 necessariis
383 783 620 827 rationibus
656 784 825 841 probari
858 800 945 828 non
976 799 1162 843 potest»
1202 787 1285 846 (Ι).
1323 788 1462 832 Simili

39 870 164 918 pacto
196 873 257 911 ea,
291 871 399 914 quae
432 871 453 898 a
485 856 578 912 lege
613 855 755 899 divina
788 858 971 913 positiva
1006 859 1336 916 praecipiuntur,
1373 875 1462 903 non

38 942 138 974 sunt
171 945 248 973 nec
280 940 462 987 possunt
495 943 587 971 esse
621 937 760 972 contra
794 928 932 986 legem
984 931 1244 976 naturalem:
1279 946 1462 989 possunt

23 1015 180 1047 ·tamen
213 1016 306 1044 esse
338 1009 464 1058 supra
513 999 643 1053 illam,
691 1013 818 1058 atque
867 1001 947 1044 dici
997 1002 1124 1045 etiam
1167 1017 1348 1060 possunt
1381 1020 1461 1048 non

37 1073 258 1119 secundum
291 1071 419 1129 illam,
453 1084 663 1130 quatenus
697 1072 857 1116 scilicet
891 1089 941 1116 ex
973 1073 1079 1131 legis
1111 1075 1314 1118 naturalis
1348 1077 1461 1134 prin-

38 1145 159 1204 cipiis
193 1144 338 1202 colligi
370 1145 411 1187 in
446 1143 686 1201 particulari
719 1158 949 1202 nequeunt.

155 1218 301 1275 Itaque
329 1216 431 1259 haec
453 1228 645 1258 teneatur
670 1215 906 1273 distinctio,
930 1218 1148 1261 nimirum:
1174 1243 1230 1251 —
1259 1219 1311 1262 1⁰.
1333 1235 1460 1278 quae-

37 1291 135 1336 dam
169 1289 296 1334 relate
330 1289 381 1332 ad
415 1304 495 1332 nos
541 1289 694 1331 rationi
729 1288 836 1332 clare
868 1289 1145 1347 respondent,
1178 1307 1213 1334 e.
1248 1307 1289 1349 g.
1325 1308 1460 1335 unum

36 1377 130 1407 esse
163 1362 320 1406 Deum:
357 1387 409 1392 —
447 1361 506 1405 2⁰.
557 1359 763 1419 quaedam
813 1361 953 1404 eidem
1001 1376 1298 1420 opponuntur,
1334 1377 1379 1407 ut
1426 1355 1481 1408 si⁴

35 1432 246 1478 diceretur
270 1432 387 1491 quod
412 1447 521 1475 unus
545 1444 607 1475 est
631 1432 750 1474 Deus
777 1444 816 1475 et
840 1444 925 1475 tres
951 1446 1049 1476 sunt
1074 1434 1143 1477 dii:
1173 1461 1223 1466 ——
1252 1436 1308 1491 3⁰.
1330 1452 1458 1494 quae-

35 1504 136 1550 dam
178 1519 256 1547 nec
288 1516 459 1547 nostrae
509 1504 663 1547 rationi
697 1504 960 1562 respondent
992 1520 1069 1548 nec
1113 1521 1211 1548 cum
1259 1508 1349 1565 ipsa
1384 1524 1460 1567 pu-

34 1702 72 1730 ut
97 1692 208 1728 fidem
235 1693 379 1740 probet,
409 1692 470 1726 sed
497 1700 535 1726 ut
562 1691 669 1726 fidem
698 1691 882 1727 defendat:
918 1693 1012 1728 unde
1039 1702 1074 1728 et
1105 1694 1138 1728 b.
1173 1694 1299 1728 Petrus
1324 1695 1395 1741 (ep.
1431 1696 1458 1731 Ι,

33 1763 113 1800 cap.
141 1753 200 1787 111.
228 1765 262 1788 v.
294 1753 360 1798 15.)
387 1763 462 1787 non
489 1751 587 1794 dicit,
611 1753 734 1799 parati
757 1761 886 1801 semper
910 1752 954 1788 ad
975 1755 1228 1800 probationem,
1248 1754 1309 1789 sed
1336 1755 1379 1789 ad
1405 1766 1459 1790 sa-

32 1811 269 1858 tisfactionem,
295 1821 332 1848 ut
358 1811 495 1847 scilicet
533 1811 799 1847 rationabiliter
832 1812 1043 1848 ostendatur
1081 1824 1157 1848 non
1199 1825 1275 1848 esse
1316 1812 1457 1857 falsum,

31 1871 129 1920 quod
154 1872 242 1908 fides
268 1872 448 1907 catholica
476 1872 680 1908 confitetur.
698 1885 720 1906 »
746 1872 839 1908 Vide
867 1873 977 1907 etiam
1006 1882 1120 1908 contr.
1147 1883 1245 1920 gent.
1273 1873 1295 1907 l.
1320 1884 1346 1909 1.
1375 1886 1404 1909 c.
1424 1885 1457 1919 7.

33 1951 77 1958 —-
103 1930 160 1967 Cf.
186 1943 281 1978 opus
308 1930 414 1968 Card.
442 1933 626 1975 Mazzella,
654 1932 698 1966 de
724 1931 841 1979 Relig.
868 1941 901 1967 et
930 1931 1026 1967 Eccl.
1055 1932 1144 1978 disp.
1171 1932 1198 1967 I.
1223 1941 1286 1968 art.
1314 1933 1373 1976 V.,
1399 1935 1457 1969 ubi

33 1991 77 2027 de
102 1992 340 2039 possibilitate
367 1991 596 2027 revelationis
622 1991 803 2038 praeclare
830 1993 914 2039 agit.

129 2052 184 2097 (1)
212 2066 230 2083 «
250 2053 320 2087 Etsi
348 2051 436 2087 fides
460 2053 505 2087 sit
530 2060 634 2098 supra
660 2052 853 2094 rationem,
881 2053 979 2086 nulla
1005 2062 1127 2087 tamen
1163 2064 1335 2098 umquam
1363 2053 1458 2088 inter

32 2110 143 2147 fidem
169 2121 204 2147 et
229 2113 409 2148 rationem
435 2124 520 2146 vera
548 2113 725 2148 dissensio
753 2124 830 2147 esse
857 2122 987 2159 potest:
1017 2125 1100 2147 cum
1130 2113 1224 2147 idem
1260 2114 1358 2148 Deus
1399 2115 1458 2160 qui

33 2172 204 2220 mysteria
231 2172 365 2207 revelat
391 2181 425 2207 et
451 2172 558 2207 fidem
586 2172 755 2214 infundit,
785 2173 909 2208 animo
934 2173 1098 2207 humano
1139 2173 1291 2207 rationis
1331 2172 1456 2208 lumen

32 2230 337 2273 indiderit;,Deus
362 2240 484 2266 autem
511 2243 642 2279 negare
670 2233 829 2277 seipsum
858 2244 932 2266 non
960 2233 1086 2278 possit,
1117 2243 1183 2266 nec
1211 2243 1334 2266 verum
1370 2244 1456 2268 vero

31 2302 203 2338 umquam
230 2290 486 2326 contradicere.
515 2291 638 2326 Inanis
656 2300 777 2326 autem
804 2291 910 2326 huius
930 2291 1227 2326 contradictionis
1248 2292 1384 2337 species
1404 2292 1458 2328 in·

32 2351 76 2386 de
95 2350 324 2397 potissimum
350 2351 474 2394 oritur,
502 2351 597 2398 quod
623 2351 681 2386 vel
707 2351 791 2386 fidei
819 2351 991 2398 dogmata
1011 2351 1054 2385 ad
1074 2360 1237 2385 mentem
1273 2350 1457 2385 Ecclesiae

30 2410 216 2446 intellecta
244 2421 277 2446 et
303 2412 465 2457 exposita
492 2422 568 2446 non
595 2410 737 2452 fuerint,
755 2412 811 2446 vel
839 2411 1056 2457 opinionum
1077 2419 1288 2446 commenta
1316 2421 1381 2456 pro
1403 2421 1456 2443 ra-

30 2471 140 2507 tionis
155 2470 272 2506 effatis
287 2471 498 2506 habeantur.
512 2471 674 2506 Omnem
689 2471 798 2516 igitur
816 2471 1052 2506 assertionem
1072 2470 1213 2504 veritati
1232 2470 1457 2504 illuminatae

32 2529 116 2565 fidei
141 2531 373 2574 contrariam,
400 2531 555 2565 omnino
584 2529 709 2565 falsam
738 2542 814 2565 esse
841 2529 1082 2565 definimus.»
1112 2531 1201 2564 Acta
1231 2529 1345 2564 Cone.
1373 2528 1457 2563 Vat.

33 2589 161 2626 Const.
188 2590 260 2625 Dei
285 2590 405 2626 Filius.
434 2591 492 2626 111.
522 2602 601 2637 cap.
629 2590 690 2625 IV.
