1737 2802
762 84 1030 127 -286—

180 178 362 236 privato,
387 176 461 220 sed
486 192 537 219 ex
562 175 852 234 improbitate:
872 168 929 220 ὧν
955 173 1079 221 οὐδὲν
1103 175 1271 237 γίνεται
1290 175 1363 223 διὰ
1385 178 1465 231 τὴν
1489 175 1613 224 ἀκοι-

180 247 402 299 νωνησίαν
428 246 550 291 ἀλλὰ
584 246 658 292 διὰ
681 247 760 299 τὴν
796 243 1069 312 μοχθηρίαν.
1095 249 1222 293 Nulla
1244 263 1389 294 autem
1412 263 1476 295 est
1500 251 1612 296 bona

181 338 264 374 res,
284 321 397 363 nulla
423 320 534 364 bona
557 322 783 374 institutio,
803 323 923 364 cuius
949 323 1176 366 occasione
1200 323 1253 366 ob
1274 322 1505 367 hominum
1529 325 1612 367 im-

180 393 435 450 probitatem
460 408 545 436 non
572 406 824 436 enascantur
849 393 969 437 mala.
992 394 1068 438 2⁰.)
1089 395 1206 438 Haec
1225 408 1370 438 autem.
1387 398 1479 454 ipsa
1502 395 1612 439 mala

178 478 378 524 possunt,
400 464 549 507 saltem
569 480 723 522 magna
741 482 791 508 ex
812 478 942 522 parte,
962 465 1080 509 facile
1104 466 1304 524 impediri
1327 466 1460 525 aliter,
1479 483 1608 526 quam

181 550 255 593 per
289 536 579 580 exclusionem
606 536 788 579 dominii
815 538 958 579 omnis
987 538 1151 594 privati.
1180 537 1398 582 Oriuntur
1421 540 1539 582 enim
1558 555 1611 582 ex

183 609 408 665 iniquitate
434 623 519 650 non
543 608 852 651 tantummodo
877 624 1133 666 pauperum,
1159 609 1232 652 sed
1256 611 1383 653 etiam
1409 610 1612 667 divitum,

182 680 254 737 qui
289 679 442 722 nolunt
475 678 700 723 liberaliter
733 679 843 722 bona
878 681 1050 737 propria
1082 681 1225 739 quoad
1259 696 1387 724 usum
1413 697 1614 725 commu-

183 751 324 793 nicare
360 751 629 808 pauperibus.
668 752 711 794 Si
747 752 878 808 igitur
924 751 1034 794 bona
1068 753 1153 795 sint
1202 752 1376 810 quidem
1422 754 1611 811 propria,

183 823 257 865 sed
291 823 418 865 simul
454 839 526 880 per
561 825 763 866 virtutem
788 823 1050 867 liberalitatis
1083 825 1168 867 sint
1192 824 1324 868 veluti
1360 825 1610 868 communia

170 897 440 953 &pauperibus
475 895 617 953 quoad
653 912 794 949 usum,
821 897 902 939 iam
929 898 962 938 si
987 912 1075 939 non
1099 898 1264 949 omnia,
1291 897 1477 954 plurima
1501 908 1611 940 certe

181 982 231 1009 ex
264 967 490 1023 praedictis
516 967 637 1009 malis
663 968 882 1011 tollentur.
911 969 982 1023 3⁰.)
1008 968 1223 1020 Querelae
1247 984 1293 1011 ac
1318 967 1611 1012 dissensiones

180 1051 280 1080 sunt
316 1038 455 1080 multo
491 1040 673 1081 rariores
708 1052 747 1081 et
782 1041 988 1095 minores,
1013 1041 1046 1081 si
1072 1041 1371 1096 possessiones
1405 1041 1491 1082 sint
1525 1041 1613 1096 pri-

179 1121 312 1162 vatae,
347 1125 474 1166 quam
510 1111 543 1151 si
579 1111 660 1151 sint
696 1125 966 1152 communes.
1004 1106 1115 1162 Tm),-
1150 1110 1278 1153 mcw).
1311 1108 1611 1168 κεκτημένους

181 1176 258 1222 καὶ
293 1184 617 1232 mmm-&um
653 1179 803 1242 πολλῷ
839 1178 1178 1242 διαφερσμένσυς
1218 1180 1398 1241 μᾶλλον
1441 1179 1610 1242 ὁρῶμεν

178 1252 204 1303 ἦ
240 1250 340 1303 τσὺς
375 1248 512 1315 χωρὶς
546 1251 625 1304 τὰς
660 1247 815 1304 officim
849 1251 1053 1312 ἔχοντας.
1090 1255 1217 1297 «lios
1251 1255 1322 1312 qui
1349 1253 1461 1297 bona
1493 1268 1612 1296 com-

180 1325 369 1366 muniter
406 1324 628 1382 possident
657 1337 696 1367 et
732 1325 840 1367 inter
865 1341 910 1367 se
936 1326 1275 1382 communicant,
1299 1325 1438 1368 multo
1472 1326 1610 1381 magis

181 1395 388 1439 dissidere
436 1397 654 1450 videmus,
706 1413 833 1454 quam
883 1398 954 1453 qui
1004 1413 1203 1440 seorsum
1258 1397 1476 1440 facultates
1532 1396 1612 1439 ha-

180 1469 319 1512 bent»
357 1468 442 1526 (1).
476 1468 555 1523 4⁰.)
590 1470 693 1512 Non
742 1470 1048 1513 tantummodo
1085 1469 1207 1525 mala,
1242 1485 1349 1527 quae
1383 1471 1609 1514 occasione

181 1541 480 1584 dominiorum
516 1542 784 1598 privatorum
819 1541 873 1584 ob
910 1542 1139 1584 hominum
1179 1543 1411 1598 nequitiam
1458 1557 1611 1585 exsur-

178 1625 299 1669 gunt,
334 1612 597 1655 considerari
633 1612 802 1666 debent,
831 1612 905 1655 sed
940 1614 1065 1655 etiam
1101 1612 1212 1655 bona
1246 1628 1352 1670 quae
1387 1629 1438 1656 ex
1469 1613 1611 1656 domi-

179 1686 261 1727 niis
296 1686 467 1741 privatis
503 1698 755 1742 sequuntur.
792 1682 973 1728 Δίκαισν
1009 1684 1072 1743 μὴ
1124 1684 1262 1744 privos)
1312 1683 1448 1744 λέγειν
1498 1683 1610 1728 ὅσων

1084 1757 1204 1801 ἀλλὰ
1237 1753 1315 1801 καὶ
1349 1756 1460 1801 ὅσων
1494 1756 1614 1817 ἀγα-

180 1828 279 1873 Θῶν.
318 1831 562 1886 «Aequum
596 1842 674 1886 est,
707 1845 795 1872 non
829 1829 971 1872 solum
1007 1846 1235 1888 exponere,
1261 1843 1368 1888 quot
1392 1829 1513 1872 malis
1539 1845 1610 1873 ca-

178 1755 467 1817 στερήσονται
495 1761 650 1800 κακῶν
686 1756 1054 1811 κοινωνήσαντες,

177 1987 428 1995 .—..——-—

272 2090 326 2134 (1)
353 2089 408 2123 Ad
438 2100 512 2122 rem
539 2087 697 2129 Lessius,
717 2088 761 2122 de
789 2089 871 2123 iust.
900 2097 934 2122 et
964 2089 1039 2123 iure
1067 2089 1153 2124 1.ΙΙ.
1180 2101 1210 2124 c.
1230 2090 1274 2124 V.
1293 2101 1329 2124 n.
1360 2097 1401 2131 3.:
1428 2089 1530 2123 «His
1549 2089 1608 2123 in-

176 2149 383 2183 commodis
401 2159 463 2193 per
490 2148 707 2181 divisionem
728 2157 927 2193 utcumque
955 2159 1146 2182 occursum
1167 2157 1230 2182 est.
1259 2147 1376 2182 Multo
1396 2147 1495 2182 enim
1520 2158 1612 2192 pau-

174 2208 293 2243 ciores
319 2218 353 2243 et
381 2208 532 2242 rariores
559 2216 641 2242 sunt
668 2219 764 2241 nunc
785 2207 1007 2249 occasionn-s,
1030 2219 1137 2253 quam
1155 2215 1242 2242 tunc
1260 2206 1424 2242 fuissent:
1443 2207 1608 2252 quamvis

175 2269 222 2304 ob
248 2268 440 2302 hominum
469 2268 684 2313 pravitatem
711 2270 787 2301 no‘n
815 2268 941 2300 omnia
970 2266 1206 2300 incommoda
1235 2266 1338 2301 vitari
1377 2267 1605 2312 potuerint.»

172 2349 221 2355 —
245 2328 362 2362 Simili
392 2328 516 2369 modo,
543 2327 728 2361 obiicienti
758 2326 854 2360 mala
883 2337 972 2373 quae
1001 2338 1045 2360 ex
1072 2326 1144 2361 vita
1175 2326 1302 2361 sociali
1342 2326 1518 2368 oriuntur,
1547 2335 1607 2360 re-

174 2387 412 2433 spondemus:
445 2387 508 2431 10.)
537 2398 576 2421 ea
604 2386 698 2421 mala
726 2397 799 2420 non
827 2387 911 2420 oriri
943 2398 985 2420 ex
1013 2387 1085 2421 vita
1119 2385 1256 2428 sociali,
1281 2385 1344 2420 sed
1384 2396 1427 2419 ex
1466 2385 1608 2431 impro-

174 2448 285 2482 bitate
323 2446 515 2480 hominum
555 2448 753 2481 viventium
792 2447 828 2480 in
857 2447 1043 2481 societate:
1072 2445 1139 2491 2⁰.)
1165 2457 1205 2480 ea
1229 2444 1324 2480 mala
1351 2455 1427 2479 esse
1463 2444 1606 2478 minora

176 2506 261 2548 illis,
292 2518 381 2553 quae
400 2505 517 2540 forent
544 2507 571 2539 si
591 2505 760 2540 homines
787 2505 988 2540 belluarum
1010 2505 1122 2540 instar
1148 2505 1298 2539 seorsim
1316 2505 1475 2538 viverent
1505 2512 1606 2537 extra

170 2567 402 2602 societatem.
