1737 2802
72 223 152 260 tate
171 223 356 259 naturae:
379 227 588 258 et'rursus
622 226 769 258 utrum
793 215 972 259 alterum
1001 216 1057 259 sit
1080 216 1211 260 altero
1235 219 1354 275 prius
1373 221 1495 277 prio—

69 288 192 332 ritate
221 288 467 344 cognitionis.
502 287 619 329 Haec
652 287 768 330 enim
802 286 955 345 triplex
988 287 1269 345 distinguitur
1301 291 1496 335 simultas

0 381 14 387 κ
69 371 111 403 et
142 359 354 417 prioritas,
388 359 577 416 temporis
611 367 788 402 naturae
813 361 1048 416 cognitionis
1069 359 1153 418 (1).
1179 361 1496 414 Quaestionem

67 429 192 486 hanc,
224 444 330 487 quae
365 445 463 472 cum
496 430 675 472 veritate
707 430 749 472 in
784 428 862 472 hac
894 428 1003 474 thesi
1027 431 1219 488 exposita
1242 444 1353 475 arcte
1386 449 1494 477 con-

67 502 268 558 nectitur,
301 501 445 558 paucis
479 499 767 544 absolvemus,

184 573 244 616 Ut
275 583 417 615 autem
453 584 585 615 status
619 573 880 629 quaestionis
913 584 1027 616 recte
1064 585 1274 631 teneatur,
1298 576 1491 632 quaestio

65 659 157 688 non
189 657 264 698 est,
296 657 441 687 utrum
477 645 560 697 ius,
597 643 713 702 quod
747 645 815 687 lex
848 644 978 687 alicui
1014 640 1220 703 personae
1246 646 1409 690 confert
1441 648 1492 692 ad

65 716 257 762 officium
290 716 479 774 aliquod,
502 716 619 774 quod
642 715 783 759 eidem
818 717 1018 774 imponit,
1053 718 1375 776 exsequendum
1400 719 1491 779 (2),

59 792 118 835 sit
147 789 399 833 huiusmodi
432 786 576 831 officio
611 788 740 846 prius.
777 788 906 831 Tunc
941 789 1056 832 enim
1080 789 1147 832 ius
1171 789 1391 834 evidenter
1424 806 1489 836 est

63 861 204 907 officio
238 862 468 919 posterius,
503 875 590 902 non
623 859 797 918 quidem
833 868 1024 918 ternpore,
1050 861 1123 904 sed
1150 874 1243 904 tum
1267 865 1489 920 cognitione

59 947 155 978 tum
187 942 364 977 nvtnra:
399 948 432 976 e.
468 948 508 989 g.
542 931 642 975 ideo
689 933 998 987 cognoscimus
1046 933 1187 976 inesse
1238 934 1486 991 parentibus

60 1007 127 1050 ius
160 1004 212 1049 ad
244 1004 530 1048 obedientiam
563 1002 770 1060 filiorum,
802 1003 899 1060 quia
932 1004 1237 1060 cognoscimus
1287 1018 1482 1063 parentes

58 1076 194 1120 teneri
232 1074 376 1118 officio
410 1073 614 1117 educandi
648 1073 778 1126 filios,
814 1074 1003 1131 itemque
1036 1074 1133 1117 ideo
1167 1076 1232 1119 ius
1269 1076 1374 1120 illud
1406 1093 1489 1135 pa—

59 1146 250 1191 rentibus
284 1147 409 1202 inest,
442 1146 538 1202 quia
572 1157 767 1202 parentes
791 1144 860 1186 tali
886 1144 1209 1201 adstringuntur
1244 1146 1405 1190 officio.
1430 1173 1487 1182 —

58 1221 222 1263 Verum
258 1219 450 1276 quaestio
486 1229 548 1260 est
583 1216 633 1260 de
667 1218 757 1259 iure
791 1217 994 1259 existente
1028 1217 1068 1259 in
1104 1233 1191 1262 uno
1240 1218 1378 1278 deque
1413 1221 1488 1264 of—

58 1290 157 1333 ficio
176 1289 427 1332 correlativo
445 1289 654 1331 existente
672 1290 713 1330 in
727 1287 859 1330 altero
879 1288 1162 1346 (controparte)
1187 1288 1235 1331 ab
1259 1289 1332 1333 illo
1351 1291 1486 1347 priori

57 1362 276 1417 distincto,
310 1377 344 1404 e.
378 1376 417 1417 g.
453 1360 503 1402 de
537 1361 629 1402 iure
678 1359 966 1416 proprietatiS,
1003 1359 1121 1416 quod
1156 1361 1196 1403 in
1233 1376 1302 1404 me
1335 1374 1411 1414 est,
1447 1371 1488 1406 et

55 1432 112 1476 de
144 1431 302 1488 officio,
335 1447 422 1489 quo
456 1431 522 1474 alii
555 1443 767 1487 tenentur,
799 1446 886 1472 non
922 1429 1183 1487 subripiendi
1217 1448 1307 1475 rem
1327 1448 1485 1476 meam.

178 1504 308 1546 Hisce
327 1503 493 1560 positis,
526 1503 586 1544 sic
621 1503 855 1558 arguimus,
892 1502 963 1543 Ius
997 1513 1061 1544 est
1085 1502 1273 1558 facultas
1306 1504 1489 1561 exigendi

55 1574 343 1617 omissionem
376 1572 441 1615 vel
490 1573 756 1630 positionem
805 1571 984 1613 alicuius
1032 1573 1238 1616 actionis:
1290 1573 1485 1618 officium

54 1660 159 1688 vero
193 1657 255 1687 est
286 1644 463 1687 debitum
487 1643 713 1686 omittendi
739 1642 803 1686 vel
826 1643 1012 1700 ponendi
1039 1643 1222 1701 aliquam
1249 1646 1485 1690 actionem.

147 1883 203 1929 (1)
230 1883 353 1917 Unum
381 1892 459 1916 esse
482 1882 583 1927 prius
610 1880 722 1915 altero
754 1879 862 1926 quoad
882 1887 1017 1926 tempus,
1046 1880 1240 1927 significat,
1261 1881 1351 1916 illud
1380 1894 1483 1928 prae-

48 1943 180 1978 cedere
206 1941 359 1976 alterum
386 1941 587 1974 duratione:
615 1939 684 1974 hoc
711 1948 816 1985 pacto
846 1952 874 1974 e.
891 1951 923 1984 g.
955 1939 1162 1974 Alexander
1183 1941 1334 1985 Magnus
1363 1942 1482 1976 extitit

52 2001 152 2049 prius
177 2011 283 2047 quam
311 1999 419 2033 Iulius
439 1999 585 2040 Caesar,
606 2007 639 2032 et
659 2010 784 2033 semen
804 2007 855 2032 est
876 1998 972 2044 prius
1000 2009 1105 2044 quam
1134 1998 1268 2044 planta.
1305 2020 1328 2023 —-
1355 2000 1479 2034 Unum

53 2073 130 2097 esse
154 2060 254 2096 simul
279 2071 361 2094 cum
388 2060 500 2094 altero
529 2057 637 2104 quoad
671 2063 811 2104 tempus,
838 2066 871 2092 et
910 2067 1030 2092 tamen
1056 2059 1154 2104 prius
1194 2059 1323 2093 eodem
1368 2059 1478 2105 quoad

51 2127 225 2163 naturam,
251 2119 441 2165 significat,
467 2118 536 2153 hoc
563 2117 730 2160 alterum,
760 2119 822 2152 etsi
851 2118 958 2151 simul
986 2118 1109 2151 existat
1139 2129 1221 2152 cum
1248 2116 1325 2158 illo,
1352 2127 1478 2153 tamen

52 2191 131 2215 esse
154 2179 345 2221 eiusmodi,
365 2188 401 2213 ut
419 2179 461 2212 ab
481 2189 523 2211 eo
552 2178 584 2211 in
606 2177 792 2212 existentia
819 2177 1030 2223 dependeat:
1050 2177 1120 2210 hoc
1141 2186 1249 2222 pacto
1278 2176 1339 2211 lux
1370 2177 1480 2211 simul

47 2238 195 2286 *quidem
222 2239 340 2273 existit
369 2250 450 2272 cum
478 2237 565 2280 sole,
593 2250 611 2271 a
638 2248 708 2283 quo
748 2245 870 2271 tamen
911 2237 946 2270 in
988 2238 1176 2284 existentia
1215 2237 1406 2282 dependet.
1437 2258 1474 2262 -

50 2299 170 2334 Unum
198 2309 275 2332 esse
297 2298 394 2344 prius
421 2296 533 2332 altero
562 2298 596 2330 in
626 2295 742 2330 ordine
783 2296 990 2342 cognitionis
1028 2301 1174 2338 nostrae,
1216 2296 1409 2342 significat,
1439 2307 1481 2330 ex

49 2358 114 2393 illo
142 2359 291 2405 cognito
319 2369 385 2391 nos
414 2357 579 2392 devenire
609 2358 643 2390 in
671 2356 924 2402 cognitionem
954 2355 1111 2391 alterius:
1133 2355 1202 2391 hoc
1222 2365 1327 2401 pacto
1356 2368 1399 2390 ex
1419 2367 1482 2390 co-

48 2419 145 2465 gnita
173 2410 356 2452 existentia
383 2417 520 2451 entium
548 2417 841 2462 contingentium
871 2415 1104 2462 procedimus
1141 2415 1183 2450 ad
1225 2416 1477 2462 cognitionem

43 2477 259 2512 existentiae
285 2477 376 2512 entis
403 2477 606 2511 necessarii.

145 2535 201 2581 (2)
230 2535 286 2571 Cf.
312 2535 399 2570 thes,
429 2536 472 2569 Il.
502 2547 584 2582 pag.
616 2544 669 2578 35.
