1737 2802
826 124 1092 179 -303-

368 228 410 267 α)
443 222 636 266 Nomine
669 222 863 263 materiae
898 220 1176 277 intelligimus
1211 220 1269 277 id,
1299 222 1406 264 circa
1441 220 1560 279 quod
1584 236 1682 264 ver-

248 306 363 336 satur
399 303 656 335 contractus.
691 291 888 333 Iamvero
923 291 1115 346 materia,
1137 303 1184 333 ut
1207 291 1261 333 sit
1294 300 1410 349 apta,
1435 290 1560 334 debet
1583 306 1683 335 esse

241 363 445 423 possibilis
478 375 517 405 et
550 363 729 413 honesta,
762 363 928 419 propria
963 362 1249 414 contrahentis,
1280 371 1386 405 certa
1421 375 1461 405 et
1494 362 1679 405 determi-

248 443 364 478 nata.
398 459 455 466 —
490 432 625 476 Debet
658 448 751 476 esse
786 431 1004 490 possibilis
1039 445 1078 474 et
1112 432 1306 476 honesta:
1356 432 1575 490 siquidem
1624 431 1679 475 ad

249 504 515 562 impossibile
535 518 575 547 et
593 503 643 547 ad
670 503 946 546 inhonestum
969 503 1082 546 nulla
1108 516 1250 560 potest
1270 503 1357 546 dari
1379 504 1599 558 obligatio.
1619 529 1681 536 —-

249 575 388 621 Debet
421 592 513 619 esse
547 577 717 633 propria
750 575 1058 618 contrahentis:
1088 576 1187 632 quia
1221 589 1350 618 nemo
1386 587 1529 632 potest
1561 587 1681 618 tran-

250 647 381 691 sferre
416 649 454 689 in
490 647 619 690 alium
655 646 711 703 id,
746 645 862 704 quod
897 662 982 688 non
1020 645 1145 688 habet
1179 657 1225 688 ut
1270 661 1414 688 suum.
1450 672 1506 676 ——
1540 644 1684 688 Debet

251 733 342 762 esse
376 730 489 761 certa
522 730 561 760 et
596 717 892 760 determinata:
931 732 1052 759 secus
1092 717 1207 759 enim
1259 729 1503 759 contractus
1551 728 1682 770 esset,

250 802 298 834 ut
331 789 412 833 dici
451 788 575 839 solet,
609 803 742 845 vagus
778 801 818 832 et
853 787 1086 830 illusorius.

331 892 334 893 ν
369 859 417 919 β)
451 861 642 904 Nomine
674 859 835 903 subiecti
869 859 1151 916 intelligimus
1188 874 1409 916 personaS,
1433 875 1541 917 quae
1576 875 1680 903 con-

248 946 432 977 tractum
468 933 616 974 ineunt
649 947 722 974 seu
758 932 867 974 inter
900 946 943 973 se
979 932 1266 987 paciscuntur.
1290 955 1346 963 —
1375 930 1574 973 Iamvero
1608 946 1682 974 su·

250 1004 454 1060 biectum‚
487 1016 533 1046 ut
567 1004 619 1046 sit
652 1011 799 1060 capax,
823 1001 945 1045 debet
979 1017 1072 1044 esse
1105 1001 1230 1044 libero
1255 1001 1430 1044 rationis
1452 1016 1531 1044 usu
1552 1011 1683 1060 praa-

248 1077 398 1119 ditum:
421 1077 493 1133 qui
517 1090 568 1118 eo
594 1087 716 1129 caret,
741 1075 888 1132 nequit
914 1088 1057 1116 rerum
1083 1088 1259 1115 suarum
1285 1072 1531 1116 dominium
1556 1086 1679 1116 tran-

249 1146 380 1191 sferre
414 1160 454 1189 et
479 1146 761 1203 obligationes
797 1146 839 1187 in
864 1146 1007 1202 seipso
1036 1145 1253 1202 suscipere
1286 1145 1361 1200 (Il.
1387 1145 1497 1187 Aliis
1520 1144 1684 1198 verbis,

248 1230 492 1261 contractus
525 1229 589 1258 est
621 1228 739 1258 actus
775 1214 1006 1270 humanus,
1031 1215 1300 1257 voluntarius
1337 1226 1377 1257 et
1409 1213 1527 1258 liber.
1564 1215 1685 1258 Hinc:

250 1288 503 1332 contrahere
537 1300 754 1345 nequeunt
787 1287 907 1344 pueri
961 1288 1033 1344 qui
1076 1287 1254 1328 rationis
1304 1301 1432 1328 usum
1482 1285 1680 1329 nondum

249 1360 420 1413 habent,
454 1373 644 1402 amentes
678 1371 719 1401 et
753 1357 918 1414 furiosi,
955 1358 1139 1415 perfecte
1174 1357 1292 1400 ebrii.

368 1436 410 1490 γ)
445 1432 636 1475 Nomine
668 1445 884 1474 consensus
917 1429 1213 1485 intelligimus,
1246 1443 1335 1471 non
1369 1427 1544 1486 quidem
1581 1443 1679 1470 me-

251 1518 346 1547 rum
381 1502 610 1545 voluntatis
645 1502 934 1559 propositum,
962 1500 1035 1543 sed
1059 1513 1203 1543 actum
1228 1498 1421 1543 eiusdem
1447 1498 1684 1556 efficacem,

251 1591 339 1633 quo
374 1590 438 1617 res
471 1574 536 1617 vel
570 1575 634 1616 ius
670 1572 717 1616 ab
752 1588 839 1616 uno
874 1573 1104 1615 remittitur
1139 1584 1178 1614 et
1212 1572 1418 1629 accipitur
1446 1570 1496 1614 ab
1528 1569 1681 1614 altero.

251 1647 447 1690 Iamvero
481 1660 732 1696 consensus,
770 1657 814 1686 ut
849 1645 902 1686 sit
936 1644 1151 1700 legitimus,
1185 1641 1309 1686 debet
1357 1657 1451 1685 esse
1485 1656 1605 1685 verus
1640 1653 1686 1684 et

251 1719 446 1767 internus,
472 1726 655 1770 mutuus,
678 1726 880 1768 externus,
904 1716 1160 1759 deliberatus.
1187 1741 1239 1746 —-
1265 1713 1406 1758 Debet
1439 1729 1532 1756 esse
1554 1728 1687 1756 verus

253 1802 295 1833 et
329 1790 534 1832 internus:
569 1787 783 1846 siquidem
819 1787 1027 1844 obligatio
1077 1798 1320 1829 contractus
1368 1786 1506 1828 oritur
1540 1799 1561 1826 a
1594 1783 1686 1827 sola

255 1859 536 1904 contrahendi
569 1860 803 1903 voluntate.
826 1885 886 1890 -
919 1857 1058 1901 Debet
1090 1873 1182 1901 esse
1217 1870 1409 1900 mutuus:
1440 1867 1688 1899 contractus

255 1932 372 1975 enim
406 1944 470 1974 est
504 1931 733 1974 conventio
768 1930 956 1973 duorum
989 1928 1056 1972 vel
1101 1928 1311 1986 plurium,
1347 1940 1388 1971 et
1436 1926 1617 1986 proinde
1649 1926 1685 1970 si

255 2005 309 2047 sit
340 2018 552 2047 onerosus
587 2003 818 2060 requiritur
852 2017 902 2044 ex
937 2014 1117 2058 utraque
1151 2013 1269 2058 parte
1303 2000 1441 2043 cessio
1474 2011 1515 2043 et
1559 2013 1684 2042 acce-

255 2077 405 2134 ptatio,
443 2076 476 2118 si
511 2075 565 2118 sit
599 2075 810 2132 gratuitus
844 2074 1078 2131 requiritur
1111 2089 1161 2116 ex
1194 2087 1279 2116 una
1311 2084 1428 2129 parte
1472 2071 1611 2114 cessio
1644 2080 1689 2113 et

255 2164 306 2190 ex
328 2146 454 2190 altera
480 2160 596 2204 parte
619 2146 869 2203 acceptatio.
892 2170 949 2178 —
974 2145 1113 2188 Debet
1146 2159 1239 2187 esse
1262 2155 1479 2187 externus:
1505 2155 1686 2199 uterque

254 2218 365 2265 enim
403 2219 620 2275 paciscens
649 2217 773 2261 debet
806 2216 1072 2260 voluntatem
1109 2214 1279 2258 alterius
1304 2225 1573 2272 perspectam
1609 2211 1684 2255 ha-

254 2289 368 2346 bere,
402 2306 479 2333 nec
512 2302 653 2348 potest
688 2304 786 2332 sane
827 2303 1089 2345 cognoscere
1138 2287 1220 2329 nisi
1269 2301 1317 2329 ea
1364 2287 1491 2342 signo
1540 2283 1686 2342 aliquo

253 2373 432 2404 externo
465 2360 534 2404 fiat
569 2359 802 2404 manifesta.
837 2385 894 2392 —-
928 2358 1067 2402 Debet
1103 2374 1195 2401 esse
1231 2355 1501 2401 deliberatus:
1544 2355 1690 2412 agitur

351 2583 408 2630 (ι)
434 2581 509 2618 Cfr.
535 2592 650 2628 super.
680 2581 770 2616 thes.
799 2581 841 2616 11.
869 2593 949 2627 pag.
982 2590 1035 2624 37.
