1737 2802
793 158 1051 213 -173-

208 259 326 310 item,
360 254 478 314 quod
509 255 649 312 aliqua
682 255 836 297 veritas
864 253 1042 312 firmiter
1078 266 1273 297 teneatur
1305 269 1356 296 ex
1401 268 1486 296 uno
1531 268 1634 296 mo-

206 332 310 385 tivo,
344 344 379 372 e.
399 344 440 384 g.
463 326 679 383 legitimae
713 325 912 369 illationis
938 342 987 369 ex
1012 326 1257 383 praemissis
1283 325 1393 368 veris
1417 340 1464 368 ac
1491 324 1632 378 certis,

208 400 291 443 hoc
323 414 410 442 non
445 397 640 456 impedit,
674 398 909 455 quominus
945 398 1081 454 possit
1107 396 1275 455 firmius
1309 397 1443 440 teneri
1477 411 1528 439 ex
1549 394 1631 439 alio

206 472 288 515 hoc
321 484 406 514 tam
441 469 581 513 valido
631 464 920 527 omnibusque
959 469 1106 526 pervio
1152 470 1318 512 motivo
1369 467 1632 511 auctoritatis

206 545 287 588 Dei
321 543 553 602 loquentis,
587 541 671 585 Sed
715 541 956 600 quomodo,
1001 556 1176 599 quaeres
1213 540 1369 596 adhuc,
1405 538 1631 599 quomodo
1693 558 1695 560 ·

204 614 456 659 huiusmodi
494 613 694 657 revelatio
729 612 810 656 dici
859 626 1001 671 potest
1050 612 1414 670 supernaturalis?
1462 611 1634 655 Dicitur

204 686 554 746 supernaturalis,
587 701 674 728 non
708 685 843 744 quoad
876 684 1151 728 substantiam
1183 684 1249 728 vel
1282 685 1492 740 obiectum,
1515 682 1632 742 quod

205 760 415 804 humanae
450 759 582 801 menti
618 757 930 810 manifestatur,
965 757 1038 801 sed
1073 757 1209 816 quoad
1244 756 1420 800 medium
1452 754 1519 799 vel
1550 770 1632 798 mo-

203 832 302 875 dum
335 844 508 875 naturae
542 829 797 883 indebitum,
831 845 917 887 quo
951 830 1107 872 veritas
1141 828 1342 872 naturalis
1376 844 1450 871 seu
1495 827 1631 871 ratio-

205 903 310 947 nalis
344 902 388 946 fit
415 904 547 946 menti
581 915 751 945 nostrae
785 901 1021 945 manifesta.
1047 927 1104 934 —
1134 901 1214 945 Sed
1240 900 1290 944 de
1315 901 1379 961 his
1413 899 1629 943 hactenus.

204 975 270 1019 Ad
303 975 460 1018 thesim
496 973 876 1017 demonstrandam
921 976 1159 1027 veniamus,
1194 989 1268 1016 seu
1314 972 1364 1016 ad
1414 971 1631 1030 possibili-

202 1060 331 1090 tatem
366 1046 632 1090 revelationis
668 1046 950 1103 mysteriorum
985 1043 1313 1088 ostendendam:
1344 1042 1630 1102 spectabimus

201 1132 343 1162 autem
383 1119 608 1176 praecipue
643 1118 845 1175 mysteria
875 1119 1038 1175 proprio
1074 1117 1178 1160 dicta
1212 1132 1286 1159 seu
1321 1116 1522 1159 veritates
1555 1131 1630 1159 szt-

193 1190 505 1249 perrationales,
542 1188 591 1232 de
625 1188 779 1247 quibus
813 1188 974 1232 scilicet
1009 1190 1144 1231 maior
1180 1201 1243 1231 est
1277 1187 1518 1232 diffisultas.

319 1262 382 1304 En
415 1273 739 1318 argumentum,
774 1276 861 1318 quo
904 1259 1061 1302 thesim
1107 1259 1213 1303 hanc
1263 1259 1627 1303 demonstramus,

199 1358 256 1366 —
290 1332 509 1379 Revelatio
544 1344 685 1390 potest
717 1332 826 1374 intra
859 1347 987 1374 suum
1022 1331 1231 1375 ambitum
1256 1331 1624 1390 comprehendere

198 1406 327 1450 etiam
363 1406 579 1462 mysteria,
612 1405 647 1446 si
686 1404 758 1461 1⁰.)
795 1404 995 1462 mysteria
1030 1403 1196 1461 dantur,
1231 1405 1265 1447 si
1300 1403 1383 1462 2⁰.)
1416 1419 1495 1447 nos
1521 1418 1627 1461 pos-

200 1493 351 1521 sumus
398 1478 615 1535 mysteria,
658 1475 831 1534 quando
870 1476 993 1519 nobis
1037 1492 1058 1519 a
1103 1477 1198 1520 Deo
1244 1488 1542 1534 proponantur
1576 1473 1628 1518 ad

201 1549 479 1606 credendum,
513 1549 650 1606 aliqua
684 1549 847 1592 ratione
882 1549 1112 1606 percipere.
1149 1549 1281 1606 Atqui
1315 1560 1518 1591 neutrum
1553 1563 1629 1606 po-

200 1634 284 1666 test
314 1622 474 1680 negari.
509 1622 624 1679 Ergo
669 1620 870 1665 revelatio
904 1622 1032 1665 etiam
1077 1622 1384 1680 mysteriorum
1434 1633 1497 1665 est
1529 1635 1629 1679 pos-

202 1692 349 1739 sibilis.

320 1766 463 1809 Maior
498 1778 621 1823 patet.
655 1765 768 1809 Nam
815 1766 923 1819 Deo,
960 1778 1004 1808 ut
1048 1763 1340 1823 probavimus,
1375 1779 1461 1807 non
1512 1763 1631 1809 deest

197 1837 357 1882 modus
389 1836 596 1896 loquendi
632 1850 843 1880 creaturae
877 1851 1003 1880 suae:
1029 1852 1133 1894 ergo
1168 1836 1202 1879 si
1238 1835 1397 1879 dantur
1432 1836 1630 1881 veritates

199 1907 594 1968 praeterrationales
639 1921 764 1966 atque
808 1909 936 1951 etiam
987 1906 1361 1964 superrationales,
1394 1920 1435 1951 et
1467 1909 1501 1951 si
1550 1923 1630 1952 nos

198 1995 433 2038 possumus
467 1979 540 2023 has
573 1980 785 2033 veritates,
821 1980 965 2037 posito
1018 1978 1135 2038 quod
1170 1995 1191 2022 a
1226 1980 1320 2023 Deo
1371 1979 1628 2034 revelentur,

199 2051 340 2110 aliquo
375 2050 510 2095 modo
535 2051 813 2109 conceptibus
847 2050 997 2094 saltem
1022 2051 1252 2108 analogicis
1284 2053 1517 2110 percipere,
1542 2052 1627 2095 iam

201 2122 486 2182 proculdubio
520 2122 634 2166 nulla
669 2135 731 2166 est
765 2124 807 2166 in
845 2123 1102 2167 revelatione
1139 2124 1448 2181 mysteriorum
1500 2139 1630 2182 repu-

199 2195 383 2253 gnantia.
420 2195 536 2238 Haec
570 2195 685 2238 enim
711 2195 993 2252 repugnantia
1017 2196 1050 2237 si
1074 2193 1200 2251 foret,
1224 2208 1335 2239 esset
1358 2195 1424 2239 vel
1447 2211 1493 2239 ex
1511 2204 1630 2255 parte

200 2267 294 2324 Dei,
317 2265 383 2309 vel
404 2282 451 2309 ex
467 2275 585 2324 parte
619 2268 914 2324 mysteriorum,
942 2266 1007 2309 vel
1033 2283 1082 2310 ex
1109 2276 1230 2325 parte
1255 2276 1409 2312 nostra:
1442 2284 1493 2311 ex
1515 2280 1632 2326 parte

200 2336 298 2394 Dei,
333 2350 542 2395 quatenus
576 2337 695 2396 loqui
730 2354 818 2381 non
853 2351 1014 2396 posset,
1048 2354 1098 2382 ex
1142 2352 1259 2397 parte
1305 2341 1631 2398 mysteriorum,

201 2421 410 2468 quatenus
460 2424 548 2451 non
597 2408 812 2467 darentur,
852 2425 902 2452 ex
951 2422 1066 2467 parte
1115 2423 1278 2464 nostra,
1315 2423 1524 2469 quatenus
1571 2410 1632 2454 nil

200 2495 378 2539 prorsus
414 2480 465 2524 de
500 2482 714 2538 mysteriis
766 2493 863 2539 post
909 2481 1096 2525 divinam
1149 2483 1280 2526 etiam
1326 2483 1629 2528 revelationem

202 2566 348 2610 capere
383 2567 625 2610 possemus,
653 2579 705 2584 —
740 2554 881 2596 Minor
913 2554 974 2596 sic
1008 2554 1213 2612 probatur
1248 2571 1322 2614 per
1354 2568 1508 2614 partes.

327 2623 400 2683 1⁰.)
436 2624 604 2667 Dantur
653 2625 867 2682 mysteria.
905 2651 956 2657 —
997 2626 1175 2679 «Quod
1208 2627 1306 2686 sint,
1338 2629 1396 2671 ait
1428 2643 1461 2672 s.
1496 2627 1630 2674 Tho-
