1737 2802
54 233 226 276 iustitia.
259 232 303 276 Si
336 232 450 274 enim
485 229 588 273 haec
621 228 745 287 desit,
780 244 853 272 seu
888 229 923 271 si
957 229 1247 271 iuramentum
1297 229 1352 271 sit
1398 229 1476 271 ini-

53 319 193 362 quum,
227 315 367 360 aperte
400 313 530 359 patet,
555 300 716 344 nullam
749 316 842 344 esse
877 315 1002 358 posse
1029 298 1337 356 obligationem
1371 298 1477 342 illud

54 373 272 432 implendi.
307 374 452 418 Nemo
486 373 600 416 enim
639 384 779 430 potest
813 371 991 429 obligari
1025 370 1074 414 ad
1107 386 1199 413 rem
1233 370 1388 413 malam
1421 369 1477 412 le-

52 447 183 504 gique
215 445 298 489 Dei
331 445 575 504 oppositam
611 443 890 501 implendam.
937 443 1118 500 Insuper
1166 443 1314 499 nequit
1361 440 1477 484 idem

55 516 183 569 simul
216 516 398 574 praecipi
423 528 463 559 et
497 514 728 573 prohiberi:
754 513 945 572 alioquin
981 513 1115 556 homo
1139 513 1190 556 ad
1214 512 1477 571 impossibile

54 587 330 644 obligaretur.

175 657 366 702 Secundo.
400 658 659 710 Promissio,
699 672 806 714 quae
856 655 974 699 alteri
1022 655 1081 713 fit,
1125 672 1247 714 saepe
1297 655 1477 699 adiectas

54 729 177 773 habet
213 729 480 773 conditiones
514 754 571 762 —
606 729 693 771 sive
727 727 945 785 generales
979 729 1058 785 (1),
1085 729 1172 770 sive
1195 726 1396 785 speciales
1422 751 1478 760 —

50 802 139 844 sive
162 817 399 859 expressas,
421 802 511 844 sive
534 801 682 843 tacitas
703 825 759 832 —
777 802 865 842 sive
891 815 943 842 ex
970 812 1113 842 mente
1137 800 1365 857 loquenti3‚
1390 800 1478 842 sive

52 887 106 915 ex
139 873 244 914 iuris
278 872 577 929 dispositione,
611 872 699 914 sive
734 885 785 914 ex
813 883 983 928 recepta
1016 870 1340 913 consuetudine.
1370 871 1478 912 Iam-

52 958 155 986 vero
178 944 212 985 si
237 942 309 986 tali
336 943 615 1001 promissioni
646 941 893 999 adiungitur
928 941 1244 994 iusiurandum,
1271 941 1353 984 hoc
1378 956 1478 984 con-

54 1014 237 1058 ditiones
272 1014 363 1057 illas
413 1031 434 1057 a
469 1014 761 1072 promissione
805 1028 892 1056 non
926 1012 1072 1069 aufert,
1116 1013 1189 1056 sed
1238 1014 1374 1055 immo
1410 1028 1477 1056 eas

53 1086 97 1128 in
120 1102 165 1129 se
187 1087 378 1143 suscipit.
403 1086 596 1138 Brevius,
621 1084 920 1128 iusiurandum
945 1086 1139 1140 sequitur
1162 1097 1356 1127 naturam
1382 1099 1478 1141 pro-

53 1157 289 1212 missionis,
324 1157 390 1199 cui
425 1154 735 1213 superadditur:
771 1156 804 1198 si
841 1154 940 1199 haec
975 1157 1027 1198 sit
1061 1155 1266 1211 absoluta,
1300 1168 1339 1198 et
1374 1154 1477 1198 illud

52 1226 299 1271 absolutum
333 1240 410 1284 est,
444 1228 478 1270 si
512 1242 558 1269 ea
591 1227 645 1269 sit
679 1226 986 1284 conditionata,
1022 1239 1061 1269 et
1098 1225 1203 1270 illud
1237 1239 1299 1269 est
1325 1225 1476 1269 condi-

51 1299 263 1341 tionatum
286 1298 370 1357 (2).
397 1299 448 1341 Et
482 1313 525 1340 re
559 1296 735 1354 quidem
773 1313 887 1349 vera,
924 1313 1052 1356 quem
1089 1299 1130 1340 in
1165 1313 1348 1355 scopum
1381 1313 1478 1354 pro-

52 1370 250 1412 missioni
284 1368 584 1427 superadditur
618 1368 945 1412 iusiurandum?
970 1369 1072 1413 Non
1097 1369 1286 1426 quidem,
1311 1382 1356 1412 ut
1382 1383 1477 1427 pro-

54 1441 206 1484 missio
240 1440 387 1484 evadat
439 1439 515 1483 alia
560 1439 627 1483 vel
675 1441 903 1498 recipiatur
951 1439 1084 1497 aliter,
1132 1456 1260 1498 quam
1311 1457 1384 1498 per
1433 1456 1477 1484 se

53 1512 185 1570 accipi
218 1511 342 1567 solet,
378 1510 452 1555 sed
487 1524 532 1554 ut
564 1511 667 1555 alter
701 1512 857 1554 certior
891 1510 977 1569 fiat,
1011 1527 1090 1554 nos
1124 1512 1479 1569 promissionem,

150 1753 204 1798 (1)
231 1752 452 1798 Praecipuae
471 1752 702 1787 conditiones
728 1752 902 1797 generales
927 1760 1009 1786 sunt
1027 1751 1095 1786 hae
1113 1760 1197 1787 tres:
1221 1752 1352 1798 prima,
1372 1752 1402 1786 si
1421 1763 1481 1798 po-

51 1820 171 1847 tuero:
199 1810 351 1854 secunda,
379 1812 408 1846 si
435 1811 532 1847 licite
559 1821 725 1858 potuero:
756 1811 872 1853 tertia,
894 1811 962 1846 nisi
991 1811 1171 1857 praelatus
1197 1811 1334 1847 habens
1359 1812 1394 1846 in
1423 1823 1481 1847 me

53 1872 308 1907 auctoritatem
336 1871 431 1906 aliud
461 1872 691 1919 disposuerit,
719 1872 841 1919 utique
869 1883 912 1906 ex
948 1872 1153 1907 rationabili
1182 1884 1287 1908 causa
1319 1882 1354 1908 et
1389 1874 1481 1908 iuste

53 1931 188 1967 utendo
206 1931 373 1966 facultate
392 1943 466 1966 sua.
488 1931 627 1966 —Inde
653 1943 740 1966 vero
761 1931 910 1966 minime
930 1931 1090 1978 colligas,
1111 1943 1220 1966 omne
1240 1932 1481 1967 iuramentum

53 2005 128 2030 esse
147 1993 443 2028 conditionatum
472 2003 533 2027 seu
552 1991 694 2026 nullum
723 1991 797 2026 dari
825 1992 1069 2027 iuramentum
1098 1992 1316 2027 absolutum.
1336 1992 1481 2027 Etenim

54 2051 260 2087 absolutum
281 2052 524 2087 iuramentum
544 2061 608 2094 est,
624 2051 721 2098 quod
739 2063 811 2086 non
825 2051 933 2086 habet
951 2061 977 2099 ss
989 2051 1128 2087 ecialem
1146 2051 1369 2086 conditionem
1386 2052 1482 2098 quasi

53 2110 205 2145 additam
230 2123 270 2146 ex
291 2111 461 2159 peculiari
487 2112 669 2146 intentione
696 2112 878 2157 operantis:
917 2111 1212 2146 conditionatum
1251 2120 1373 2145 autem
1412 2119 1478 2153 est,

55 2169 198 2217 quando
220 2170 306 2223 talis
334 2170 498 2205 conditio
525 2169 681 2205 additur.
707 2191 756 2197 —
782 2171 879 2205 Haec
907 2179 1026 2205 autem
1054 2169 1176 2204 valent
1202 2170 1309 2205 etiarn
1330 2168 1373 2205 de
1387 2174 1481 2205 voto.

148 2229 203 2275 (2)
228 2230 307 2264 Hoc
335 2239 387 2264 est
413 2229 641 2276 principium,
668 2230 764 2276 quod
793 2240 876 2264 cum
904 2229 1093 2263 communi
1122 2229 1325 2264 Doctorum
1358 2228 1480 2264 statuit

54 2290 198 2332 Suarez,
226 2288 270 2323 de
296 2289 424 2324 iuram.
455 2289 477 2324 l.
505 2300 537 2325 2.
566 2301 596 2324 c.
625 2298 680 2334 32.
711 2302 748 2326 n.
772 2299 814 2332 3.:
848 2303 865 2322 «
885 2290 1132 2324 Iuramentum
1152 2288 1194 2323 de
1212 2299 1251 2324 se
1271 2300 1346 2323 non
1366 2296 1482 2323 mutat

51 2348 108 2384 vel
136 2357 244 2396 auget
270 2348 471 2383 naturalem
499 2360 561 2384 seu
589 2349 788 2384 humanam
817 2349 1086 2395 obligationem
1113 2356 1225 2390 actus,
1255 2347 1310 2381 cui
1350 2346 1479 2381 adiun-

51 2409 161 2454 gitur,
189 2408 252 2443 sed
285 2408 403 2443 solum
444 2407 540 2444 addit
578 2409 630 2443 illi
669 2409 847 2455 religionis
887 2408 1166 2455 obligationem;
1195 2407 1276 2454 quia
1312 2406 1481 2452 supponit

53 2476 184 2510 actum,
211 2468 267 2502 cui
293 2467 511 2514 adiungitur,
530 2477 565 2503 et
592 2468 695 2504 illurn
723 2468 833 2503 afficit
861 2467 1027 2503 addendo
1054 2466 1240 2502 vinculum
1268 2466 1405 2501 altioris
1423 2477 1479 2499 ra-

51 2527 172 2570 tionis,
199 2536 233 2562 et
259 2527 342 2563 ideo
370 2528 412 2562 de
440 2538 477 2562 se
504 2539 578 2563 non
605 2536 720 2562 mutat
748 2537 914 2562 naturam
942 2527 1024 2562 talis
1059 2535 1158 2561 actus
1199 2526 1260 2560 sed
1302 2525 1480 2560 illummet

51 2587 169 2622 induit
194 2599 255 2622 sua
282 2587 555 2635 obligatione.»
