1737 2802
726 103 992 156 -315-

261 199 409 255 Itaque
443 213 508 240 res
543 197 628 240 sint
662 197 774 240 inter
807 198 919 240 cives
953 197 1113 241 divisae
1147 212 1187 242 et
1236 200 1366 242 etiam
1417 198 1579 243 divisae

142 271 422 327 inaequaliter.
456 271 612 326 Neque
647 271 762 313 enim
798 271 1008 314 sententia
1033 270 1084 314 de
1106 273 1312 316 communi
1333 288 1471 316 reram
1487 282 1580 332 pos-

141 343 307 385 sessione
342 355 485 398 potest
518 341 698 397 admitti,
733 358 871 399 neque
905 343 1114 386 sententia
1147 342 1198 386 de
1230 345 1394 402 aequali
1440 360 1581 387 rerum

143 415 355 457 divisione.
390 413 456 455 De
491 425 670 470 utraque
704 414 917 456 sententia
950 413 1141 471 (praeter
1184 430 1231 457 ea
1278 417 1425 459 omnia
1467 431 1580 474 ,quae

144 486 225 526 iam
263 484 477 542 diximus)
503 484 605 527 illud
632 485 754 536 valet,
781 485 898 542 quod
925 484 975 528 de
1002 485 1232 543 Republica
1255 486 1446 530 Platonis
1477 487 1581 531 dixit

144 557 259 600 idem
285 556 460 599 Tullius
495 558 569 614 (1):
612 558 856 614 «Princeps
881 557 965 612 ille,
991 573 1079 615 quo
1113 573 1244 601 nemo
1278 559 1321 601 in
1354 557 1581 602 scribendo

146 629 429 687 praestantior
463 627 556 681 fuit,
590 643 731 671 aream
782 628 860 670 sibi
901 630 1102 686 sumpsit,
1143 630 1185 671 in
1234 645 1317 687 qua
1366 629 1580 672 civitatem

145 712 386 743 exstrueret
419 699 631 742 arbitrata
665 715 753 756 suo,
779 700 1036 756 praeclaram
1072 700 1139 743 ille
1173 699 1350 757 quidem
1385 699 1583 756 fortasse,

146 770 221 813 sed
256 786 281 813 a
316 771 405 813 vita
442 771 654 813 hominnm
687 771 969 814 abhorrentem
1002 780 1038 813 et
1071 786 1096 813 a
1130 771 1367 814 moribus.»

269 844 338 898 89.
373 844 628 886 Scuorlox.
663 844 725 886 Ex
759 844 824 899 iis,
859 859 967 901 quae
1001 843 1205 886 hactenus
1240 843 1443 899 diximus,
1476 841 1586 885 solvi

146 928 291 972 potest
325 917 536 972 quaestio,
569 915 613 957 lit!
649 916 849 958 limitibus
884 916 1172 973 occupationis:
1207 916 1233 958 i.
1260 932 1295 959 e.
1331 928 1477 958 utrum
1502 915 1586 957 sint

145 1001 187 1030 et
221 989 396 1045 quinam
432 989 515 1030 sint
548 987 670 1042 fines,
694 1001 812 1030 extra
847 1003 958 1045 quos
992 988 1025 1029 si
1061 988 1291 1044 o:cupatio
1327 1003 1371 1030 se
1405 1002 1450 1029 se
1485 1001 1585 1044 por-

149 1060 273 1115 rigat,
310 1060 394 1102 iam
445 1060 690 1116 legitimum
742 1061 801 1102 rei
852 1059 1099 1102 dominium
1150 1060 1333 1102 minime
1382 1060 1580 1116 acquira-

147 1142 230 1175 tur.
266 1156 324 1164 —
356 1131 422 1174 A]
458 1133 792 1188 occupationem
830 1144 973 1173 autem
1009 1132 1060 1183 <si
1098 1132 1348 1189 praesertim
1374 1146 1466 1174 eam
1493 1129 1586 1174 dis-

146 1205 399 1259 tinguamus
435 1204 474 1245 in
511 1205 782 1258 originariam
817 1216 857 1245 et
891 1202 1144 1259 derivatam)
1178 1217 1414 1259 possumus
1453 1201 1586 1245 redu-

150 1291 244 1318 cere
279 1275 426 1317 omnia
460 1273 634 1317 tandem
670 1273 793 1323 facta,
830 1273 987 1332 quibus
1023 1274 1185 1317 actuale
1230 1274 1477 1317 dominium
1525 1275 1585 1316 rei

147 1346 328 1389 alicuius
362 1347 609 1403 acquiritur,
651 1346 732 1388 Per
778 1346 1109 1402 occupationem
1159 1361 1344 1403 persona
1390 1344 1587 1402 adiungit

149 1416 227 1459 sibi
262 1433 351 1460 rem
388 1418 594 1475 aliquam,
629 1418 754 1475 eique
789 1417 1078 1460 characterem
1127 1418 1340 1475 imprimit
1387 1417 1586 1475 propriae

149 1488 478 1547 personalitatis.

271 1566 313 1613 α)
349 1560 596 1618 Occupatio
616 1562 704 1604 suis
725 1559 1010 1618 proculdubio
1031 1573 1269 1604 coarctatur
1288 1560 1486 1603 confiniis
1509 1561 1587 1619 (2).

149 1658 207 1665 —
241 1633 333 1686 Qui
369 1633 451 1675 hoc
484 1646 677 1690 negaret,
714 1634 749 1675 is
784 1632 957 1676 tandem
993 1632 1200 1676 incideret
1238 1633 1280 1674 in
1328 1633 1587 1676 sententiam

151 1704 377 1757 Hobbesii‚
412 1721 540 1762 quam
577 1706 618 1747 in
670 1705 746 1747 hac
796 1705 906 1748 thesi
957 1703 1257 1758 refutavimus,
1290 1719 1487 1762 quaeque
1535 1719 1588 1747 eo

151 1776 328 1819 demum
364 1776 490 1829 redit,
526 1789 571 1819 ut
605 1789 759 1819 statuat
794 1778 955 1834 privata
991 1775 1185 1819 dominia
1217 1775 1344 1818 nullis
1380 1791 1474 1819 esse
1509 1775 1589 1818 cir-

151 1850 412 1906 cumscripta
444 1848 671 1891 limitibus.

271 1920 320 1979 (5)
355 1921 602 1978 Occupatio
638 1935 725 1963 non
761 1919 844 1962 hoc
878 1935 978 1962 sane
1010 1918 1146 1962 limite
1180 1931 1435 1972 coarctatur,
1470 1918 1590 1962 dum-

151 1992 268 2035 modo
303 1993 350 2048 is,
383 1994 455 2050 qai
486 2007 571 2035 rem
604 1992 793 2050 aliquam
826 2000 1002 2048 occupet,
1038 2006 1119 2034 non
1163 1989 1314 2033 evadat
1355 1989 1482 2033 ditior
1527 1990 1590 2032 al-

151 2072 248 2107 tero.
276 2088 332 2096 —-
366 2064 457 2116 Qui
494 2062 577 2106 hoc
610 2063 870 2114 admitteret,
898 2064 931 2105 is
955 2061 1204 2105 adhaereret
1228 2060 1434 2115 theoriae,
1458 2076 1590 2119 quam

152 2137 310 2193 pariter
346 2136 388 2178 in
424 2135 500 2177 hac
533 2134 644 2177 thesi
694 2135 941 2191 reiechnus,
975 2133 1027 2177 de
1068 2132 1240 2191 'aequali
1282 2148 1428 2176 rerum
1479 2134 1591 2176 inter

153 2209 344 2266 privatos
379 2207 626 2264 partitione.

247 2448 301 2495 (1)
326 2449 383 2483 De
409 2458 481 2494 rep.
509 2447 552 2482 11.
577 2456 628 2481 11.

249 2510 304 2555 (2)
331 2509 424 2544 Vide
453 2519 572 2553 super.
600 2519 682 2553 pag.
711 2507 792 2550 283.
821 2506 913 2541 Item
941 2504 1007 2540 cfr.
1025 2505 1117 2540 thes.
1149 2505 1188 2541 V.
1211 2516 1293 2551 pag.
1321 2513 1380 2549 72.
1399 2513 1511 2549 seqq„
1530 2503 1591 2536 ubi

153 2570 196 2605 de
223 2570 434 2603 limitatione
461 2568 545 2602 iuris
572 2568 742 2601 diximus.
