1737 2802
770 146 828 153 -..
863 121 946 177 318
970 147 1038 175 ,-

183 227 298 272 petat
333 216 397 257 ius
433 216 473 258 in
509 215 672 272 privata
707 216 867 258 civium
902 215 1097 260 dominia
1130 219 1218 262 sive
1253 234 1327 277 per
1361 220 1620 278 occupatio—

181 302 281 329 nem
316 285 457 328 adhuc
490 286 763 344 acquirenda,
787 288 878 330 sive
904 288 989 330 iam
1015 303 1088 345 per
1113 290 1446 346 occupationem
1476 291 1623 349 acqui-

181 359 274 400 sita.
311 358 409 400 Hoc
443 370 585 400 autem
621 359 842 416 quaeritur
878 359 1050 403 merito.
1077 359 1306 403 Haudraro
1339 362 1454 404 enim
1487 360 1548 418 fit,
1573 374 1619 405 ut

180 440 329 471 natura
353 427 422 470 det
445 427 621 485 quidem
657 428 825 472 homini
853 431 917 472 ius
942 429 1135 487 aliquod,
1159 444 1245 473 non
1270 443 1414 474 tamen
1438 447 1616 489 prorsus

179 499 516 543 determinatum
552 500 695 558 quoad
729 500 889 544 limites
923 517 970 544 ac
1003 501 1186 545 modum
1212 503 1418 560 exercitii,
1440 503 1515 548 sed
1538 504 1616 548 sub

181 570 264 614 hoc
297 584 493 629 respectu
530 572 853 616 determinabile
888 573 936 616 ab
971 575 1224 618 auctoritate
1272 575 1431 618 sociali:
1477 575 1613 620 homo

178 643 295 685 enim
327 655 390 685 est
413 656 562 686 natura
586 659 661 686 sua
686 644 910 688 ordinatus
934 644 986 688 ad
1011 645 1142 688 vitam
1171 645 1390 703 socialem,
1415 647 1458 690 in
1481 661 1617 706 eaque

179 713 303 757 debet
337 715 429 757 iura
464 730 539 757 sua
572 729 774 759 exercere
807 728 848 759 et
884 716 1108 773 explicare.
1144 717 1211 760 De
1244 716 1321 761 hac
1363 719 1615 775 quaestione

175 786 245 843 (in
278 801 362 844 qua
399 785 619 842 solvenda,
654 786 742 829 duo
792 786 949 830 debent
998 788 1126 831 vitari
1160 815 1218 820 —
1251 804 1304 832 ne
1340 788 1435 846 plus
1485 804 1616 847 quam

178 872 253 915 par
287 869 350 900 est
383 858 627 901 auctoritati
661 858 805 901 sociali
855 858 1068 902 tribuatur
1101 885 1154 891 —
1190 875 1242 903 ne
1291 860 1437 902 minus
1484 876 1615 919 quam

176 943 252 986 par
285 940 349 971 est
381 928 522 972 eidem
557 929 843 988 relinquatur)
876 930 1062 974 breviter
1095 931 1290 975 dicemus
1324 932 1367 974 in
1399 931 1507 975 thesi
1542 947 1616 976 se-

175 1011 349 1058 quente.

707 1238 877 1282 THESIS
912 1239 1081 1283 XXIX.

174 1368 215 1414 A
249 1367 422 1410 veritate
455 1367 577 1410 etiam
598 1367 796 1411 aberrant
822 1368 1073 1426 Socialistae,
1097 1370 1170 1428 qni
1195 1378 1401 1427 asserunt,
1422 1378 1611 1429 supremo

293 1439 492 1483 societatis
525 1439 776 1483 moderatori
823 1440 1049 1498 quamdam
1097 1441 1229 1485 veluti
1274 1441 1613 1499 omnipotentiam

291 1520 503 1569 competere
536 1512 578 1554 in
599 1513 771 1570 privata
804 1513 961 1555 civium
995 1512 1195 1569 dominia,
1219 1511 1433 1571 dequibus
1465 1512 1612 1556 scilicet

287 1583 416 1641 possit
447 1591 602 1641 semper
635 1592 672 1626 et
700 1591 778 1641 pro
813 1582 924 1626 libito
959 1583 1174 1641 disponere.

292 1727 362 1769 90.
398 1713 770 1756 PRAENOTIONES.
800 1713 1010 1756 Dominia
1044 1713 1205 1770 privata
1238 1713 1550 1771 impugnantur
1588 1729 1611 1756 a

170 1784 333 1842 duplici
356 1783 704 1827 adversariorum
742 1785 846 1838 acie,
869 1785 1081 1827 nimirum
1106 1785 1245 1842 magis
1278 1796 1421 1842 aperte
1444 1799 1467 1826 a
1488 1783 1610 1828 Com-

171 1856 373 1912 munistis,
395 1868 435 1898 et
462 1855 606 1897 minus
642 1867 798 1912 aperte,
822 1870 912 1898 non
936 1867 1082 1898 tamen
1115 1856 1260 1898 minus
1295 1854 1552 1913 periculose,
1585 1871 1608 1899 a

172 1927 396 1972 Socialislis
420 1927 496 1984 (1).
520 1927 873 1984 Communistae,
898 1927 949 1970 de
973 1926 1128 1984 quibus
1164 1928 1248 1969 iam
1282 1927 1382 1970 satis
1417 1925 1512 1970 fuse
1545 1926 1608 1969 di-

167 1999 327 2053 ximus,
361 1999 665 2042 communitati
699 1999 897 2042 exclusive
919 1997 1158 2041 attribuunt
1191 2000 1334 2055 ipsum
1359 1997 1606 2041 dominium

168 2084 330 2127 rerum3
364 2069 407 2112 hi
439 2084 571 2113 omne
606 2069 852 2112 dominium
902 2070 1119 2127 privatum
1170 2068 1328 2112 tollunt
1362 2083 1452 2112 uno
1501 2069 1605 2122 ictu,

166 2143 193 2186 i.
227 2158 261 2186 e.
296 2141 369 2185 illo
403 2140 545 2194 effato,
580 2142 817 2200 proprietas
851 2153 915 2184 est
938 2140 1226 2184 latrocinium.
1252 2139 1502 2184 Socialistae
1527 2156 1600 2183 au-

263 2344 314 2389 (ι)
341 2345 452 2389 Saepe
478 2353 601 2378 tamen
630 2345 665 2378 in
694 2355 864 2378 sermone
884 2343 1050 2378 familiari
1072 2342 1344 2378 confunduntur
1362 2341 1469 2376 simul
1490 2341 1605 2377 Com-

166 2404 347 2438 munistae
374 2412 407 2438 et
434 2404 657 2438 Socialistae.
679 2423 722 2428 —
749 2403 826 2437 Nec
854 2403 1052 2437 immerito.
1071 2403 1166 2437 Nam
1194 2402 1266 2436 duo
1286 2403 1376 2436 haec
1403 2409 1606 2447 systemata

163 2463 207 2496 ad
235 2474 348 2496 unum
378 2462 621 2509 eumdemque
649 2462 757 2496 finem
786 2462 950 2505 tendunt,
970 2471 1004 2497 et
1030 2463 1060 2496 si
1086 2462 1333 2507 recipi-rentur
1360 2471 1472 2494 unum
1501 2470 1605 2492 eum-

165 2523 322 2569 demque
349 2523 495 2557 tandem
524 2523 715 2567 gignerent
743 2522 929 2565 effectum,
963 2522 1225 2556 dvssrusticnem
1267 2521 1412 2555 slonziuii
1443 2519 1600 2566 p1iz¹nlit

165 2583 307 2617 diverso
334 2582 492 2625 tramite,
520 2582 690 2616 eumdem
719 2591 884 2628 spectant
912 2582 1122 2616 terminum.
