1737 2802
451 228 528 288 1.⁰)
563 230 607 273 Si
643 230 707 272 ius
743 231 873 287 priori
907 230 1040 274 modo
1075 233 1319 290 accipiatur,
1354 234 1562 278 nimirum
1609 250 1692 292 pro

268 302 361 357 lege,
397 313 496 344 tunc
530 303 595 343 ius
629 314 690 343 est
725 302 864 357 regula
899 302 1099 358 iustitiae,
1132 304 1241 346 sicut
1276 316 1315 346 et
1348 316 1585 348 ceterarum
1607 307 1690 349 vir-

268 385 425 415 tutum.
467 391 485 412 «
510 373 635 416 Ratio
670 385 747 428 est,
782 373 836 415 ait
879 373 1054 416 Lessius
1078 373 1159 431 (1),
1193 375 1293 430 quia
1333 375 1509 419 virtutes
1533 377 1576 420 in
1599 377 1690 420 suis

267 441 560 485 functionibus
594 443 747 486 debent
781 442 905 499 dirigi
940 443 1177 486 secundum
1213 457 1488 503 praeceptum
1521 445 1691 504 legum:

266 515 346 557 nisi
381 516 493 556 enim
529 514 696 572 legibus
731 515 816 557 sint
851 514 1116 569 conformes,
1166 531 1254 559 non
1301 530 1425 560 erunt
1471 518 1691 563 studiosae

266 602 342 629 nec
375 585 603 628 laudabiles
628 603 667 628 ».
1685 584 1687 587 ’

444 658 518 712 2.·”)
553 657 595 699 Si
630 657 694 698 ius
728 656 918 699 secundo
949 672 1076 699 sensu
1111 670 1323 714 sumatur,
1366 658 1572 702 nimirum
1605 674 1687 718 pro

265 725 385 781 iustu,
417 736 517 767 tunc
551 726 616 767 ius
650 737 711 767 est
745 725 939 768 obiectum
973 726 1171 768 iustitiae.
1198 726 1279 769 Vel
1302 726 1419 768 enim
1442 728 1593 770 iustum
1621 743 1687 770 ac-

263 797 415 854 cipitur
448 812 574 839 sensu
604 797 782 854 generali
814 811 892 854 pro
926 798 1112 854 legitimo,
1145 810 1185 840 et
1218 810 1319 840 tunc
1352 811 1415 841 est
1463 797 1683 842 obiectum

262 867 459 921 iustitiae,
494 881 621 925 prout
645 867 728 910 hoc
750 869 926 911 nomine
950 869 1133 911 iustitiae
1159 868 1538 926 comprehenditur
1560 885 1687 928 saepe

263 953 302 981 et
336 939 586 996 intelligitur
618 952 735 982 totus
770 940 1010 997 generatim
1044 940 1255 983 virtutum
1305 940 1585 999 complexus:
1619 941 1686 985 vel

264 1013 414 1053 iustum
447 1010 648 1068 accipitur
681 1027 807 1054 sensu
838 1012 1034 1069 pressiore
1068 1026 1146 1068 pro
1179 1012 1357 1069 aequali,
1389 1025 1430 1055 et
1475 1014 1577 1056 tunc
1624 1026 1689 1056 est

263 1082 479 1126 obiectum
514 1083 713 1136 iustitiae,
748 1095 878 1140 prout
911 1083 1072 1124 iustitia
1104 1095 1167 1124 est
1200 1082 1390 1139 specialis
1412 1084 1548 1127 virtus
1576 1099 1598 1127 a
1621 1099 1686 1127 ce-

262 1155 362 1196 teris
387 1154 583 1197 distincta
607 1154 701 1212 (2).
727 1154 801 1196 Est
824 1154 939 1196 enim
965 1153 1020 1207 id,
1043 1166 1091 1196 ut
1113 1155 1168 1196 ait
1193 1153 1244 1197 de
1267 1154 1394 1212 Lugo
1417 1155 1493 1211 (3),
1525 1173 1545 1196 <‹
1567 1154 1686 1214 quod

261 1225 443 1269 intendit
477 1226 636 1268 iustitia
671 1238 710 1268 et
744 1224 862 1282 quod
899 1224 1055 1268 dicitur
1090 1226 1320 1283 unicuique
1353 1226 1596 1271 tribuere».

356 1464 413 1509 (1)
438 1463 478 1498 L.
506 1464 563 1497 cit.
591 1474 690 1496 num.
716 1460 748 1496 6.

351 1525 408 1570 (2)
434 1524 527 1559 Vide
554 1535 643 1570 quae
673 1524 715 1558 de
742 1524 874 1558 iustitia
900 1523 1059 1568 generali
1086 1532 1119 1558 et
1144 1523 1286 1569 speciali
1310 1534 1418 1559 sensu
1451 1533 1600 1570 accepta
1625 1524 1683 1558 di-

258 1586 374 1619 ximus
400 1596 515 1631 super.
541 1584 614 1618 vol.
630 1584 656 1618 I.
682 1595 762 1629 pag.
789 1594 870 1629 443.
899 1581 954 1618 Cf.
981 1584 1121 1626 Suarez,
1149 1583 1192 1617 de
1210 1583 1278 1629 leg.
1299 1583 1321 1618 1.
1343 1594 1370 1618 1.
1390 1595 1421 1618 c.
1445 1593 1493 1619 11.
1514 1595 1614 1619 num.
1633 1595 1681 1627 4.;

260 1658 277 1676 «
306 1645 464 1681 Iustitiae
490 1655 623 1679 nomen
651 1643 838 1690 dupliciter
864 1644 1047 1689 accipitur.
1073 1643 1203 1686 Primo,
1230 1654 1294 1689 pro
1321 1644 1415 1677 omni
1435 1644 1576 1687 virtute,
1605 1645 1685 1691 quia

259 1706 379 1739 omnis
405 1706 515 1738 virtus
542 1704 682 1749 respicit
711 1712 744 1737 et
772 1701 854 1736 facit
881 1701 1002 1748 aliquo
1029 1702 1140 1735 modo
1174 1701 1421 1748 aequitatem:
1451 1702 1602 1746 secundo,
1619 1714 1686 1749 pro

257 1765 394 1811 speciali
421 1765 550 1799 virtute
575 1763 756 1797 tribuente
784 1762 887 1797 alteri
914 1762 1009 1808 quod
1036 1773 1142 1796 suum
1169 1770 1219 1796 est
1245 1776 1277 1795 n.
1306 1763 1385 1797 Hoc
1411 1761 1507 1796 idem
1535 1761 1594 1797 alii
1620 1773 1682 1797 au·

260 1834 376 1859 ctores
403 1823 694 1858 animadvertunt
719 1832 801 1868 post
844 1823 1105 1865 Aristotelem,
1146 1823 1205 1868 qui
1246 1822 1361 1857 Ethic.
1398 1821 1443 1856 V.
1474 1832 1503 1856 1.
1537 1821 1616 1857 fuse
1649 1822 1685 1857 id

259 1884 437 1931 explicat:
461 1882 549 1918 Αὕτη
577 1883 638 1927 μὲν
668 1878 726 1915 οὖν
752 1881 769 1917 ν’,
801 1882 1014 1917 &imme-§uz
1044 1883 1082 1915 ου’
1123 1883 1226 1928 μέρος
1252 1881 1371 1927 ἀρετῆς
1396 1880 1474 1914 ἀλλ’
1501 1879 1565 1917 ὅλη
1582 1881 1686 1926 ἀρετή
1729 1887 1731 1889 ’

260 1946 364 1984 ἐστιν,
395 1943 472 1978 οὐδ’
499 1943 517 1978 ἡ
539 1940 682 1976 ἐναντία
709 1939 834 1973 ἀδικία.
859 1941 964 1985 μέρος
992 1941 1117 1978 κκκὶας
1143 1941 1220 1974 ἀλλ’
1239 1939 1301 1976 ὅλη
1322 1941 1442 1976 κακία.
1459 1940 1557 1976 Haec
1574 1940 1684 1987 igitur

259 2003 390 2037 iustitia
417 2013 491 2037 non
517 2012 596 2048 pars
622 1999 766 2034 virtutis
806 2008 869 2041 est,
894 1999 957 2034 sed
988 2000 1100 2034 virtus
1134 2000 1313 2042 universa,
1351 2011 1468 2046 neque
1501 1999 1683 2034 contraria

258 2061 429 2095 iniustitia
458 2072 539 2106 pars
564 2060 639 2094 vitii
667 2067 730 2101 est,
745 2058 805 2091 sed
832 2058 959 2092 vitium
987 2059 1205 2093 universum.
1234 2078 1274 2083 —-
1304 2057 1398 2092 Vide
1425 2059 1532 2093 etiam
1551 2070 1629 2105 cap.
1650 2067 1682 2093 2.

259 2119 370 2164 Μέρος
391 2121 456 2163 γὰρ
482 2117 562 2154 αὕτη
583 2118 601 2153 ἡ
623 2115 747 2150 &rh-av.
772 2113 829 2152 vsi:
852 2114 929 2154 ὅλης
958 2115 1112 2155 ἀδικίας,
1136 2114 1261 2162 ὁμοίως
1283 2115 1323 2149 δὲ
1343 2117 1401 2149 καὶ
1421 2116 1440 2153 ἡ
1468 2115 1683 2151 δικαιοσύνη

255 2179 312 2215 τῆς
333 2177 561 2214 &maximi-2⁷13
583 2176 690 2209 ’Ὥστε
717 2176 777 2208 καὶ
804 2175 881 2220 περὶ
907 2177 963 2212 τῆς
990 2174 1025 2207 ἐν
1049 2174 1146 2219 μέρει
1173 2173 1406 2212 δικαιοσύνης
1431 2174 1494 2208 καί
1519 2173 1600 2219 περὶ
1623 2172 1682 2210 τῆς

257 2235 292 2268 ἐν
310 2235 407 2281 μέρει
430 2234 570 2271 ἀδικίας
594 2233 746 2274 λεκτέον,
775 2232 833 2266 καὶ
871 2235 930 2267 τοῦ
969 2231 1113 2266 δικαίου
1154 2233 1214 2264 καὶ
1249 2233 1309 2265 τοῦ
1344 2231 1473 2266 ἀδίκου
1505 2229 1682 2268 ὡσαύτως.

256 2295 358 2329 Haec
396 2294 493 2328 enim
531 2293 702 2328 iniustitia
744 2294 855 2329 totius
881 2292 1077 2327 iniustitiae
1120 2302 1202 2337 pars
1245 2300 1312 2334 est,
1342 2292 1434 2326 sicut
1477 2299 1513 2326 et
1546 2289 1682 2326 iustitia

255 2353 420 2388 iustitiae.
448 2352 572 2397 Itaque
601 2362 634 2386 et
662 2352 705 2386 de
732 2363 773 2386 ea
803 2363 892 2399 quae
919 2361 998 2398 pars
1026 2360 1078 2385 est
1105 2351 1258 2385 iustitiae
1283 2360 1318 2385 et
1345 2350 1388 2385 de
1415 2360 1463 2384 ea.
1483 2359 1574 2397 quae
1599 2356 1681 2395 pars

260 2422 313 2447 est
350 2413 541 2446 iniustitiae
569 2412 762 2446 dicendum
789 2421 856 2454 est,
884 2412 1043 2457 itemque
1061 2409 1105 2445 de
1130 2411 1207 2444 iure
1233 2419 1268 2444 et
1295 2411 1482 2444 non-iure.

349 2471 405 2517 (3)
433 2472 471 2507 L.
499 2473 556 2506 cit.
583 2483 684 2507 num.
714 2482 745 2506 2.
773 2470 831 2507 Cf.
859 2482 885 2506 s,
912 2470 1108 2513 Thomam,
1136 2479 1168 2504 2.
1196 2479 1226 2503 2.
1255 2481 1287 2516 q.
1316 2480 1368 2515 57.
1397 2481 1427 2504 a.
1459 2479 1508 2512 1.‚
1545 2468 1582 2502 in
1609 2475 1680 2514 quo

255 2530 405 2565 articulo
432 2531 586 2577 inquirit,
613 2540 732 2564 utrum
759 2531 812 2564 ius
840 2530 883 2565 sit
909 2530 1095 2564 obiectum
1113 2527 1278 2571 iustitiae,
1297 2535 1332 2562 et
1352 2525 1548 2562 cOncludit:
1573 2524 1680 2561 «Ma-

255 2588 424 2625 nifestum
452 2599 513 2633 est,
541 2590 636 2636 quod
661 2591 715 2623 ius
742 2600 793 2624 est
821 2589 1003 2624 obiectum
1030 2588 1188 2623 iustitiae
1204 2602 1238 2622 ».
