1737 2802
789 135 1056 177 -104-

209 221 342 264 lutum
375 229 416 261 et
448 217 667 270 essentiale,
703 232 803 260 cum
838 218 973 273 Deus,
996 229 1042 260 ut
1065 216 1230 260 dictum
1256 229 1334 271 est,
1359 217 1412 260 sit
1447 216 1643 261 hominis

211 290 413 334 dominus
448 288 668 332 absolutus
703 301 743 331 et
776 287 1030 332 essentialis.
1060 289 1175 332 Huic
1207 303 1337 346 porro
1372 288 1472 341 iuri,
1501 300 1547 332 ut
1571 303 1646 346 per

211 377 255 405 se
290 373 416 419 patet,
449 359 682 418 respondet
716 361 758 402 in
791 359 969 403 homine
1005 359 1211 417 officium,
1244 359 1434 419 illudque
1472 359 1644 404 absolu·-

212 442 299 476 tum
333 445 372 475 et
405 432 626 486 essentiale,
663 431 830 475 colendi
864 432 1008 475 Deum
1043 432 1165 489 eique
1199 432 1243 474 in
1278 430 1498 484 omnibus,
1535 446 1644 489 quae

210 505 302 561 lege
336 504 424 546 sive
458 502 637 546 naturali
671 503 764 546 sive
798 504 981 560 positiva
1015 503 1236 560 praecipit,
1270 501 1612 561 obtemperandi.

330 574 382 617 II.
418 575 516 617 Hoc
550 586 857 631 argumentum
893 572 1171 617 confirmatur
1205 589 1255 616 ex
1285 589 1354 629 eo,
1380 572 1499 631 quod
1521 573 1641 617 Deus

210 646 263 688 sit
296 659 383 687 non
418 643 552 687 modo
589 656 779 699 creator,
829 644 904 687 sed
953 645 1081 688 etiam
1130 652 1392 688 conservator
1439 643 1646 688 hominis.

215 716 517 771 Conservatio,
552 716 585 757 si
620 716 749 758 active
781 731 875 758 eam
911 727 1094 773 spectes,
1145 728 1208 758 est
1241 715 1365 770 actio,
1408 731 1491 773 qua
1521 713 1568 758 fit
1601 727 1647 758 ut

210 803 275 831 res
308 787 552 830 successive
587 788 629 829 in
664 803 744 830 suo
778 803 872 830 esse
906 800 1163 845 permaneat.
1193 788 1268 831 Est
1302 799 1447 831 autem
1476 786 1649 846 duplex,

213 859 406 903 indirecta
441 872 480 902 et
513 858 673 902 directa.
710 858 923 902 Indirecta
955 870 1034 911 est,
1070 874 1205 916 quum
1242 859 1351 902 actio
1382 873 1530 902 causae
1563 857 1647 902 hoc

211 944 395 991 praestat
427 947 578 980 unum,
615 932 907 974 remotionem
945 946 1113 988 eorum,
1139 947 1245 989 quae
1279 931 1370 974 sive
1403 930 1647 989 impediunt

211 1004 588 1047 conservationem
627 1004 702 1056 rei,
727 1003 815 1046 sive
851 1016 1024 1046 causant
1058 1005 1148 1046 eius
1174 1002 1525 1046 destructionem:
1548 1018 1585 1047 e.
1605 1018 1646 1060 g.

211 1075 346 1119 solers
391 1074 586 1118 medicus
637 1075 711 1131 qui
762 1074 965 1118 lethalem
1014 1087 1092 1118 tuo
1141 1091 1162 1118 e
1213 1088 1395 1131 corpore
1443 1073 1647 1117 morbum

212 1146 342 1205 pellit,
377 1146 445 1190 vel
482 1147 643 1189 amicus
684 1148 756 1203 qui
792 1159 831 1189 te
867 1161 918 1189 ne
953 1148 994 1188 in
1042 1145 1203 1189 flumen
1239 1145 1359 1189 cadas
1408 1145 1573 1199 retinet,
1606 1157 1648 1188 te

212 1233 479 1270 conservare,
516 1216 589 1260 sed
629 1216 835 1272 indirecte,
873 1216 1087 1261 dicuntur.
1108 1218 1182 1260 Est
1217 1216 1375 1260 directa
1394 1231 1469 1259 seu
1494 1217 1648 1259 imme-

213 1288 338 1346 diata,
375 1305 473 1332 cum
508 1305 634 1331 causa
669 1288 838 1332 influxu
889 1305 970 1332 suo
1006 1301 1217 1332 sustentat
1265 1288 1326 1332 rei
1357 1288 1645 1343 existentiam,

213 1361 270 1404 ita
303 1372 349 1403 ut
383 1375 434 1403 eo
469 1358 634 1402 influxu
682 1372 873 1403 cessante
924 1375 990 1403 res
1038 1361 1128 1417 ipsa
1176 1359 1402 1403 desineret.
1449 1358 1647 1402 Iamvero

214 1432 351 1474 homo
386 1446 475 1474 non
502 1431 654 1474 solum
690 1430 915 1487 indirecta,
945 1432 1018 1474 secl
1044 1432 1171 1474 etiam
1196 1430 1354 1474 directa
1379 1441 1419 1474 et
1443 1441 1649 1488 perpetua

214 1504 297 1548 Dei
332 1504 660 1546 conservatione
694 1502 876 1560 indiget,
900 1516 945 1546 ut
971 1519 1063 1547 esse
1096 1514 1244 1560 pergat
1270 1507 1339 1560 (1).
1370 1501 1648 1560 «Dependet,

211 1576 271 1619 sic
304 1575 495 1633 loquitur
529 1591 562 1619 s.
601 1575 801 1619 Thomas
837 1575 914 1633 (2),
959 1591 1051 1619 esse
1100 1573 1326 1618 cuiuslibet
1375 1586 1591 1618 creaturae
1625 1590 1647 1617 a

213 1648 327 1705 Deo,
361 1648 417 1690 ita
449 1646 567 1705 quod
600 1663 679 1690 nec
702 1647 753 1691 ad
778 1659 1057 1691 momentum
1085 1646 1316 1690 subsistere
1350 1658 1546 1705 possent,
1571 1645 1648 1690 sed

212 1720 255 1762 in
288 1718 473 1762 nihilum
508 1718 821 1775 redigerentur,
858 1720 938 1762 nisi
974 1719 1223 1776 operatione
1270 1717 1437 1762 divinae
1474 1718 1644 1761 virtutis

212 1802 566 1845 sustentarentur,
620 1792 730 1834 sicut
773 1791 1013 1849 Gregorius
1047 1791 1118 1850 (3)
1171 1790 1285 1835 dicit.
1327 1807 1348 1830 »
1403 1790 1553 1842 Quare
1600 1802 1647 1833 ut

309 1994 362 2039 (1)
393 1995 491 2029 Hanc
520 2005 661 2041 quoque
690 1995 876 2029 veritatem
897 1994 1103 2041 Thealogia
1132 1996 1239 2029 etiam
1262 1994 1435 2029 mturali÷
1463 1992 1582 2036 docet,
1603 1997 1647 2031 ab

213 2064 324 2100 eaque
353 2065 419 2087 nos
447 2053 495 2087 uti
524 2053 808 2088 demonstratam
839 2055 1067 2089 assumimus.

309 2112 366 2157 (2)
398 2113 436 2146 In
472 2124 498 2147 1.
528 2125 559 2158 p.
588 2124 619 2158 q.
653 2123 730 2154 104.
767 2126 799 2148 a.
834 2125 842 2147 1

306 2172 360 2218 (3)
388 2171 428 2207 L.
453 2171 549 2206 XVI.
590 2173 719 2207 Moral.
761 2184 778 2206 c
825 2172 875 2207 16.
916 2193 947 2197 —
987 2173 1057 2207 Has
1093 2173 1220 2207 addam
1265 2174 1563 2219 conparatione-S
1605 2186 1648 2208 ex

213 2231 352 2273 Lessio‚
380 2231 423 2264 de
451 2230 536 2276 perf.
565 2243 656 2266 mor.
685 2233 754 2267 div.
783 2232 805 2267 l.
831 2234 873 2267 X.
905 2244 982 2277 cap.
1013 2233 1074 2267 III.
1098 2245 1198 2268 num.
1223 2244 1290 2268 2o.:
1324 2234 1459 2268 «Sicut
1488 2241 1523 2268 ut
1544 2245 1652 2268 mun-

215 2289 280 2324 dus
308 2289 517 2332 illustretur,
548 2302 620 2325 non
649 2291 776 2326 sufficit
803 2293 920 2327 solem
955 2292 1068 2327 semel
1104 2305 1145 2326 ex
1171 2305 1208 2328 se
1250 2295 1372 2328 lumen
1412 2292 1556 2330 fudisse.
1585 2293 1648 2327 sed

214 2359 363 2383 necesse
391 2358 443 2383 est
462 2359 499 2383 ut
519 2350 604 2383 illud
625 2351 766 2384 assidue
787 2360 988 2394 conservet,
1009 2353 1255 2387 continuando
1277 2353 1431 2397 primum
1452 2351 1644 2388 influxum.

212 2408 249 2442 Si
278 2408 375 2442 enim
403 2408 458 2442 vel
487 2409 594 2443 unico
624 2420 814 2445 momento
842 2412 914 2444 vim
955 2422 1056 2445 suam
1098 2411 1295 2452 c011²beret,
1338 2421 1486 2457 repente
1525 2420 1645 2446 totum

211 2468 333 2502 lumen
362 2470 642 2513 extingznretur.
664 2470 835 2505 §imiliter
859 2470 886 2505 si
917 2471 1058 2517 pondus
1087 2471 1233 2518 al³qu0d
1264 2473 1298 2506 in
1327 2483 1409 2506 aere
1439 2471 1648 2517 suspendas,

210 2525 298 2560 illul
326 2527 465 2562 ass³due
493 2539 633 2562 sursum
661 2530 773 2563 teneri
801 2539 833 2564 et
862 2530 992 2565 colen
1022 2531 1157 2576 impetu
1186 2531 1232 2565 ibi
1273 2532 1479 2566 conservari
1523 2531 1646 2573 debet,
1684 2521 1690 2528 ⁵

216 2596 287 2632 quo
316 2587 358 2621 ab
387 2587 493 2622 initio
521 2588 566 2622 ibi
598 2597 649 2622 cst
678 2600 905 2633 suspcnsum.
923 2604 939 2620 »
