1737 2802
696 125 764 158 ’-·’·
789 126 969 181 ‘173'4

119 210 268 275 'magis
301 210 526 276 multoque
560 217 713 261 melius
746 212 892 262 facere⁴
917 231 1057 277 potest
1088 236 1164 265 rex
1199 222 1390 266 caelestis
1415 224 1551 268 Deus.

129 289 261 347 Atqui
293 287 449 346 absque
483 287 565 331 ulla
597 288 749 332 morali
783 287 1100 335 inordinatione
1132 305 1172 335 et
1215 291 1373 350 absque
1424 309 1549 353 repu-

129 359 302 417 gnantia
335 359 416 403 ulla
449 372 590 417 potest
623 374 696 403 rex
726 358 919 404 terrenus
953 361 1040 405 noi]
1075 362 1356 407 solummodo
1396 365 1549 408 imme-

112 426 238 474 ‘diate
270 442 311 474 et
342 446 417 488 per
447 429 656 488 seipsum,
690 431 765 475 sed
812 432 939 475 etiam
988 433 1172 477 mediate
1205 446 1245 477 et
1293 450 1368 492 per
1415 435 1548 478 alium

129 499 291 559 aperire
323 499 503 544 subditis
538 514 729 544 mentem
763 502 1115 562 voluntatemque
1148 520 1283 549 suam:
1321 531 1371 537 -
1409 508 1551 564 potest

127 579 227 617 sane
258 588 380 616 suam
415 586 605 616 mentem
648 589 693 616 ac
727 573 992 618 voluntatem
1041 579 1264 635 perspicue
1312 578 1546 636 patefacere

128 645 203 687 uni
236 659 286 688 ex
319 645 406 687 suis
441 644 634 688 subditis:
670 670 728 678 —
759 658 901 703 potest
949 646 1063 690 hunc
1110 649 1369 692 constituere
1419 663 1547 694 suum

127 713 333 774 legatum,
366 717 438 774 qui
473 715 531 771 id,
567 717 684 774 quod
717 733 738 760 a
772 733 872 774 rege
914 718 1160 763 immediate
1200 721 1383 778 accepit,
1418 737 1545 765 com-

127 787 346 830 municare
378 786 559 831 fideliter
591 787 738 831 debeat
761 790 909 832 ceteris
942 789 1137 835 subditis:
1162 816 1218 824 —
1240 805 1384 848 potest
1417 793 1546 837 huius

109 859 344 902 'missionis
387 859 626 902 authentica
667 860 706 903 ei
752 860 951 918 praebere
983 862 1104 918 signa
1150 878 1224 906 seu
1278 876 1547 920 argumenta,

127 945 234 989 quae
266 929 553 974 indubitanter
575 931 820 983 ostendant,
845 948 944 975 eum
967 948 1059 976 esse
1081 949 1180 977 vere
1202 934 1392 991 legatum
1417 937 1546 993 regis,

127 1015 167 1046 et
198 1001 327 1046 fidem
361 1003 488 1045 etiam
522 1002 741 1045 indubiam
775 1002 941 1057 faciant,
975 1020 1074 1055 eum
1103 1020 1201 1048 vere
1235 1007 1428 1050 nuntiare
1462 1008 1544 1065 illa,

126 1091 233 1133 quae
265 1076 302 1118 ei
335 1090 407 1118 rex
450 1074 775 1118 transmittenda
818 1077 1049 1120 commisit.
1084 1077 1200 1134 Ergo
1249 1076 1351 1121 haec
1399 1080 1545 1123 omnia

127 1147 264 1190 multo
298 1146 435 1202 magis
460 1146 684 1204 multoque
720 1147 871 1189 melius
896 1162 968 1190 rex
1002 1163 1229 1206 supremus
1253 1149 1374 1192 Deus
1403 1162 1546 1208 potest

126 1217 273 1262 facere.

243 1304 312 1346 43.
348 1291 598 1334 ScnoLton.
656 1291 891 1343 Quamvis,
949 1291 1007 1333 sic
1061 1292 1188 1334 etiam
1241 1293 1362 1349 argui
1415 1293 1545 1349 solet,

125 1364 321 1421 quamvis
355 1362 556 1405 revelatio
591 1361 773 1404 mediata
806 1377 894 1404 non
942 1375 1168 1420 repugne13
1203 1375 1348 1407 tamen
1396 1366 1541 1421 negari

125 1449 212 1477 non
245 1446 403 1492 potest,
440 1433 680 1477 revelationi
713 1433 911 1476 mediatae
946 1450 1025 1477 non
1057 1434 1190 1477 deberi
1221 1450 1427 1480 assensum
1461 1445 1544 1479 tam

116 1507 306 1566 firmum,
339 1522 463 1564 quam
496 1506 764 1549 immediatae.

243 1579 412 1621 Etenim
454 1579 523 1620 «si
559 1577 734 1635 aliquid,
767 1577 883 1620 hisce
916 1577 1054 1621 verbis
1099 1577 1206 1620 hanc
1251 1577 1544 1623 difficultatem

124 1649 201 1692 sibi
236 1649 382 1693 obiicit
417 1650 575 1693 Suarez
607 1648 692 1707 (1),
725 1648 848 1691 nobis
883 1661 1164 1706 proponatur,
1197 1662 1245 1693 ut
1284 1651 1543 1694 credendum

124 1739 174 1766 ex
219 1723 470 1766 testimonio
519 1721 709 1764 hominis
756 1719 836 1764 fide
871 1720 1131 1777 dignissimi,
1167 1734 1207 1764 et
1239 1736 1326 1764 non
1375 1721 1423 1765 ab
1472 1722 1546 1765 illo

122 1793 299 1837 verbum
324 1794 414 1836 eius
448 1793 686 1847 audiamuS,
708 1791 782 1835 sed
817 1808 891 1850 per
914 1791 1043 1835 alium
1074 1793 1254 1835 minoris
1278 1794 1544 1837 auctoritatis

124 1878 402 1924 proponatur,
436 1864 517 1907 hoc
551 1865 645 1921 ipso
669 1862 908 1907 infirmatur
939 1862 1044 1907 fides
1067 1863 1252 1907 humana
1286 1865 1328 1907 in
1362 1879 1442 1908 suo
1467 1868 1544 1908 or·-

123 1937 236 1994 dine,
268 1949 309 1980 et
342 1952 407 1980 res
442 1937 586 1979 minus
621 1949 733 1979 certa
765 1934 958 1979 efficitur:
995 1948 1035 1978 et
1069 1948 1186 1978 tanto
1221 1936 1357 1992 magis
1392 1937 1546 1979 crescit

123 2008 225 2055 haec
257 2008 528 2064 incertitudo,
561 2020 721 2065 quanto
758 2007 876 2065 plura
910 2007 1047 2050 media
1082 2022 1154 2050 seu
1191 2006 1333 2064 plures
1377 2023 1544 2065 propo-

123 2092 272 2123 nentes
305 2078 587 2135 intercedunt,
611 2079 727 2136 quod
761 2091 900 2121 totum
936 2077 1119 2121 evidenti
1145 2079 1440 2135 experimento
1465 2093 1543 2121 no-

123 2162 216 2193 tum
250 2163 326 2194 est.
361 2152 476 2208 Ergo
509 2151 622 2194 idem
658 2152 750 2207 erit,
775 2151 1056 2208 proportione
1090 2162 1268 2205 servata,
1292 2149 1336 2192 in
1369 2148 1452 2192 fide
1476 2148 1545 2193 di·-

123 2221 220 2264 vina
251 2235 292 2265 et
315 2221 482 2266 obiecto
516 2223 622 2279 eius,
645 2237 742 2264 nam
776 2221 997 2264 intercedit
1021 2221 1169 2263 eadem
1203 2221 1323 2276 ratio,
1348 2219 1544 2264 videlicet

123 2292 240 2350 quod
274 2293 482 2338 certitudo
515 2309 712 2337 assensus
746 2294 874 2336 etiam
910 2292 1089 2350 pendeat
1121 2307 1143 2335 a
1186 2304 1470 2350 proponente,
1503 2304 1546 2334 et

122 2366 219 2410 ideo
254 2366 335 2408 nisi
367 2364 435 2408 ille
476 2366 531 2408 sit
580 2365 762 2423 aequalis
797 2364 1075 2421 auctoritatis,
1127 2363 1346 2421 claudicat,
1389 2375 1436 2406 ut
1485 2363 1547 2406 sic

217 2593 274 2638 (1)
299 2593 353 2628 De
380 2593 463 2634 fide,
492 2593 580 2639 disp.
607 2592 666 2628 IV.
694 2603 776 2628 sect.
811 2604 838 2628 1.
865 2603 965 2626 num.
999 2603 1027 2626 1.
