1737 2802
646 130 909 159 —101—

65 211 258 269 lmpleta,
291 210 557 268 aequivalent
589 209 795 253 absolutis
830 226 921 267 seu,
956 221 1000 252 ut
1035 209 1115 253 dici
1150 211 1308 267 passim
1359 209 1486 266 solet,

63 282 108 326 in
140 282 280 326 officia
312 282 504 326 absoluta
538 294 771 325 transeunt.

182 367 253 410 25.
288 354 351 397 En
373 354 506 410 igitur
538 367 682 395 rerum
711 352 794 395 hoc
827 353 869 395 in
892 351 1070 396 articulo
1094 352 1486 410 pertractandarum

62 426 192 469 series
215 437 340 483 atque
364 423 486 467 ordo.
513 424 714 476 Quatuor
738 423 806 466 hic
828 423 1030 466 articulus
1065 423 1342 481 paragraphis
1379 439 1487 467 con-

61 496 199 540 stabit.
232 497 425 553 Agemus
453 496 588 552 primo
623 493 674 537 de
707 495 756 536 iis
791 510 889 551 erga
912 495 1057 538 Deum
1091 494 1257 549 officiis,
1290 510 1396 552 quae
1420 511 1486 538 es-

61 567 254 611 sentialia
301 579 415 623 sunt,
447 582 522 610 seu
570 566 708 624 ipsam
758 566 946 609 hominis
994 579 1186 610 naturam
1237 566 1485 610 immediate

62 651 406 698 consequuntur:
455 637 624 682 secundo
673 638 902 696 loquemur
951 638 1003 682 de
1047 638 1198 682 officiis
1248 638 1343 695 illis,
1376 655 1484 697 quae

60 709 241 754 liberum
274 709 449 767 aliquod
483 726 533 752 ex
566 722 681 767 parte
706 709 894 752 hominis
919 708 1074 753 factum
1101 723 1480 768 praesupponunt:

60 783 177 825 tertio
211 781 262 824 de
296 781 346 823 iis
380 779 691 838 disputabimus
716 779 882 837 officiis,
905 796 1012 837 quae
1046 797 1096 824 ex
1126 794 1242 838 parte
1266 782 1349 824 Dei
1374 798 1482 840 sup-

61 865 226 911 ponunt
272 851 430 895 factum
480 851 646 895 divinae
694 851 988 896 revelationis:
1041 861 1187 910 quarto
1231 853 1402 896 tandem
1439 853 1484 896 de

57 924 261 981 religione,
296 923 346 967 ad
380 923 564 966 modum
613 924 824 981 perspicui
859 940 910 967 ex
942 923 1074 967 tribus
1109 924 1323 982 prioribus
1358 940 1482 983 para—

57 995 230 1053 graphis
265 994 489 1048 corollarii,
523 994 799 1038 disseremus.

179 1069 246 1111 26.
265 1068 507 1124 Antequam
527 1083 703 1110 manum
729 1066 795 1108 his
819 1066 1037 1109 solvendis
1061 1067 1384 1124 quaestionibus
1409 1067 1479 1111 ad-

59 1154 327 1195 moveamus,
360 1154 512 1196 operae
548 1139 731 1196 pretium
766 1150 828 1180 est
861 1137 1216 1191 animadvertere,
1244 1138 1346 1181 haec
1381 1153 1479 1195 erga

57 1210 204 1253 Deum
226 1208 365 1254 officia
383 1212 614 1267 primatum
631 1222 767 1253 cetera
786 1210 895 1252 inter
913 1209 1115 1252 naturalia
1139 1209 1276 1252 debita
1300 1209 1477 1254 habere:

57 1282 305 1339 primatum,
326 1282 517 1339 inquam,
536 1294 627 1323 tum
647 1281 871 1337 dignitatis,
890 1294 983 1323 tum
1003 1280 1170 1338 roboris,
1188 1294 1280 1324 tum
1299 1282 1478 1338 originis.

52 1352 293 1396 Primatum
327 1351 480 1396 habent
514 1351 744 1409 dignitatis:
770 1352 980 1394 terminus
1005 1352 1136 1402 enim,
1161 1352 1202 1394 in
1236 1367 1364 1409 quem
1399 1352 1478 1394 im-

55 1423 238 1467 mediate
261 1422 519 1481 referuntur,
542 1437 605 1467 est
630 1425 749 1467 Deus
775 1423 832 1468 O.
853 1424 931 1481 M.,
956 1439 1042 1480 quo
1067 1423 1171 1465 nihil
1194 1424 1479 1481 praestantius

54 1506 197 1552 potest
230 1495 421 1552 cogitari.
454 1495 634 1552 Insuper
669 1495 900 1552 primatum
925 1493 1080 1536 habent
1104 1493 1294 1538 roboris:
1328 1493 1477 1537 titulus

52 1567 183 1620 enim,
215 1567 257 1609 in
289 1581 376 1624 quo
411 1567 606 1625 proxime
640 1567 893 1620 innituntur,
917 1578 1016 1608 sunt
1040 1565 1250 1610 naturales
1284 1566 1475 1610 hominis

52 1637 103 1682 ad
135 1638 280 1682 Deum
295 1638 554 1693 *relationes‚
589 1638 744 1695 quibus
778 1638 882 1681 nihil
914 1637 1079 1681 firmius
1118 1639 1285 1696 concipi
1318 1651 1474 1696 potest.

52 1709 220 1754 Habent
252 1710 382 1754 etiam
417 1711 649 1767 primatum
685 1710 889 1767 originis:
924 1709 1092 1753 nullum
1126 1711 1240 1753 enim
1273 1726 1373 1767 erga
1395 1725 1475 1754 nos

48 1781 115 1825 vel
148 1797 245 1839 erga
279 1781 384 1824 alios
410 1781 602 1825 debitum
629 1780 896 1834 haberemus,
921 1781 954 1824 si
980 1782 1099 1838 prius
1123 1796 1211 1824 non
1229 1793 1474 1825 teneremur

46 1851 132 1896 hoc
173 1868 273 1910 erga
315 1853 458 1896 Deum
509 1851 667 1908 officio,
700 1852 736 1895 ei
771 1851 930 1895 scilicet
963 1851 1086 1909 plene
1120 1865 1160 1894 et
1194 1853 1235 1894 in
1270 1850 1473 1894 omnibus

48 1923 384 1981 obtemperandi.
432 1924 586 1981 Neque
635 1924 749 1966 enim
802 1923 923 1966 datur
957 1921 1119 1966 morale
1153 1921 1345 1966 debitum
1380 1924 1472 1966 sine

47 1994 331 2052 obligatione:
381 1997 524 2039 omnis
573 2008 715 2039 autem
765 1995 969 2052 obligatio
1002 2007 1065 2038 est
1099 2011 1121 2038 a
1155 1996 1249 2038 Deo
1294 1995 1472 2052 eiusque

46 2078 212 2109 aeterna
257 2066 362 2123 lege.
398 2092 453 2099 -—
488 2067 615 2109 Hunc
650 2080 792 2109 autem
840 2066 1051 2123 triplicem
1102 2067 1332 2123 primatum
1372 2081 1470 2108 cum

45 2135 248 2195 habeant3
283 2138 403 2196 impii
436 2137 628 2196 profecto
662 2151 760 2181 sunt
784 2151 824 2181 et
858 2139 1049 2196 apprime
1073 2138 1206 2195 inepti
1241 2138 1268 2180 ii
1303 2153 1469 2192 omneS‚

45 2209 118 2265 qui
153 2208 204 2251 de
237 2208 386 2252 officiis
421 2223 610 2267 agentes,
644 2209 784 2253 officia
817 2209 992 2267 quidem
1019 2225 1120 2266 erga
1145 2208 1250 2252 alios
1269 2208 1469 2252 homines

46 2280 308 2337 patriamque
340 2280 565 2338 extollunt,
600 2280 777 2324 moralia
805 2282 933 2324 etiam
958 2279 1097 2323 debita
1119 2279 1346 2323 adstruunt
1370 2295 1469 2337 erga

45 2350 134 2408 ipsa
166 2350 300 2408 bruta,
332 2351 460 2394 simul
494 2367 596 2395 vero
631 2352 682 2395 de
715 2368 920 2410 supremo
944 2353 1024 2394 Dei
1046 2352 1089 2394 in
1115 2351 1340 2394 hominem
1376 2351 1467 2394 iure

40 2419 183 2476 silent,
233 2423 379 2465 omnia
426 2438 526 2480 erga
570 2424 713 2466 Deum
748 2422 885 2466 officia
933 2434 1217 2480 praetereunt,
1252 2420 1466 2464 baudraro

42 2492 167 2535 etiam
200 2492 382 2551 superbe
415 2506 584 2551 negant.
618 2494 740 2537 Absit
788 2507 834 2537 ut
868 2493 946 2537 hos
993 2495 1227 2537 imitemur:
1273 2494 1410 2536 immo
1445 2509 1466 2536 e

41 2565 255 2608 contrario
289 2578 443 2623 quanta
477 2580 710 2623 possumus
740 2565 956 2622 diligentia
979 2578 1301 2623 perscrutemur
1328 2563 1468 2608 officia
